%YAML 1.1
%TAG !u! tag:unity3d.com,2011:
--- !u!29 &1
OcclusionCullingSettings:
  m_ObjectHideFlags: 0
  serializedVersion: 2
  m_OcclusionBakeSettings:
    smallestOccluder: 5
    smallestHole: 0.25
    backfaceThreshold: 100
  m_SceneGUID: 00000000000000000000000000000000
  m_OcclusionCullingData: {fileID: 0}
--- !u!104 &2
RenderSettings:
  m_ObjectHideFlags: 0
  serializedVersion: 9
  m_Fog: 0
  m_FogColor: {r: 0.5, g: 0.5, b: 0.5, a: 1}
  m_FogMode: 3
  m_FogDensity: 0.01
  m_LinearFogStart: 0
  m_LinearFogEnd: 300
  m_AmbientSkyColor: {r: 0.212, g: 0.227, b: 0.259, a: 1}
  m_AmbientEquatorColor: {r: 0.114, g: 0.125, b: 0.133, a: 1}
  m_AmbientGroundColor: {r: 0.047, g: 0.043, b: 0.035, a: 1}
  m_AmbientIntensity: 1
  m_AmbientMode: 3
  m_SubtractiveShadowColor: {r: 0.42, g: 0.478, b: 0.627, a: 1}
  m_SkyboxMaterial: {fileID: 0}
  m_HaloStrength: 0.5
  m_FlareStrength: 1
  m_FlareFadeSpeed: 3
  m_HaloTexture: {fileID: 0}
  m_SpotCookie: {fileID: 10001, guid: 0000000000000000e000000000000000, type: 0}
  m_DefaultReflectionMode: 0
  m_DefaultReflectionResolution: 128
  m_ReflectionBounces: 1
  m_ReflectionIntensity: 1
  m_CustomReflection: {fileID: 0}
  m_Sun: {fileID: 0}
  m_IndirectSpecularColor: {r: 0, g: 0, b: 0, a: 1}
  m_UseRadianceAmbientProbe: 0
--- !u!157 &3
LightmapSettings:
  m_ObjectHideFlags: 0
  serializedVersion: 11
  m_GIWorkflowMode: 1
  m_GISettings:
    serializedVersion: 2
    m_BounceScale: 1
    m_IndirectOutputScale: 1
    m_AlbedoBoost: 1
    m_TemporalCoherenceThreshold: 1
    m_EnvironmentLightingMode: 0
    m_EnableBakedLightmaps: 0
    m_EnableRealtimeLightmaps: 0
  m_LightmapEditorSettings:
    serializedVersion: 10
    m_Resolution: 2
    m_BakeResolution: 40
    m_AtlasSize: 1024
    m_AO: 0
    m_AOMaxDistance: 1
    m_CompAOExponent: 1
    m_CompAOExponentDirect: 0
    m_Padding: 2
    m_LightmapParameters: {fileID: 0}
    m_LightmapsBakeMode: 1
    m_TextureCompression: 1
    m_FinalGather: 0
    m_FinalGatherFiltering: 1
    m_FinalGatherRayCount: 256
    m_ReflectionCompression: 2
    m_MixedBakeMode: 2
    m_BakeBackend: 1
    m_PVRSampling: 1
    m_PVRDirectSampleCount: 32
    m_PVRSampleCount: 500
    m_PVRBounces: 2
    m_PVRFilterTypeDirect: 0
    m_PVRFilterTypeIndirect: 0
    m_PVRFilterTypeAO: 0
    m_PVRFilteringMode: 1
    m_PVRCulling: 1
    m_PVRFilteringGaussRadiusDirect: 1
    m_PVRFilteringGaussRadiusIndirect: 5
    m_PVRFilteringGaussRadiusAO: 2
    m_PVRFilteringAtrousPositionSigmaDirect: 0.5
    m_PVRFilteringAtrousPositionSigmaIndirect: 2
    m_PVRFilteringAtrousPositionSigmaAO: 1
    m_ShowResolutionOverlay: 1
  m_LightingDataAsset: {fileID: 0}
  m_UseShadowmask: 1
--- !u!196 &4
NavMeshSettings:
  serializedVersion: 2
  m_ObjectHideFlags: 0
  m_BuildSettings:
    serializedVersion: 2
    agentTypeID: 0
    agentRadius: 0.5
    agentHeight: 2
    agentSlope: 45
    agentClimb: 0.4
    ledgeDropHeight: 0
    maxJumpAcrossDistance: 0
    minRegionArea: 2
    manualCellSize: 0
    cellSize: 0.16666667
    manualTileSize: 0
    tileSize: 256
    accuratePlacement: 0
    debug:
      m_Flags: 0
  m_NavMeshData: {fileID: 0}
--- !u!1 &29267679
GameObject:
  m_ObjectHideFlags: 0
  m_CorrespondingSourceObject: {fileID: 0}
  m_PrefabInternal: {fileID: 0}
  serializedVersion: 6
  m_Component:
  - component: {fileID: 29267680}
  m_Layer: 0
  m_Name: Walls
  m_TagString: Untagged
  m_Icon: {fileID: 0}
  m_NavMeshLayer: 0
  m_StaticEditorFlags: 0
  m_IsActive: 1
--- !u!4 &29267680
Transform:
  m_ObjectHideFlags: 0
  m_CorrespondingSourceObject: {fileID: 0}
  m_PrefabInternal: {fileID: 0}
  m_GameObject: {fileID: 29267679}
  m_LocalRotation: {x: 0, y: 0, z: 0, w: 1}
  m_LocalPosition: {x: 30.362125, y: 10.92049, z: 0.7515625}
  m_LocalScale: {x: 1, y: 1, z: 1}
  m_Children:
  - {fileID: 1624432795}
  - {fileID: 1940654511}
  - {fileID: 1070047303}
  - {fileID: 620525381}
  - {fileID: 396963276}
  - {fileID: 2042075667}
  - {fileID: 1793681609}
  m_Father: {fileID: 0}
  m_RootOrder: 5
  m_LocalEulerAnglesHint: {x: 0, y: 0, z: 0}
--- !u!1001 &32880202
Prefab:
  m_ObjectHideFlags: 0
  serializedVersion: 2
  m_Modification:
    m_TransformParent: {fileID: 1113741839}
    m_Modifications:
    - target: {fileID: 4882326476862030, guid: 5d5c48cf9972ae541822adb794bb89eb, type: 2}
      propertyPath: m_LocalPosition.x
      value: -64.71
      objectReference: {fileID: 0}
    - target: {fileID: 4882326476862030, guid: 5d5c48cf9972ae541822adb794bb89eb, type: 2}
      propertyPath: m_LocalPosition.y
      value: -11.12
      objectReference: {fileID: 0}
    - target: {fileID: 4882326476862030, guid: 5d5c48cf9972ae541822adb794bb89eb, type: 2}
      propertyPath: m_LocalPosition.z
      value: 1.5625
      objectReference: {fileID: 0}
    - target: {fileID: 4882326476862030, guid: 5d5c48cf9972ae541822adb794bb89eb, type: 2}
      propertyPath: m_LocalRotation.x
      value: -0
      objectReference: {fileID: 0}
    - target: {fileID: 4882326476862030, guid: 5d5c48cf9972ae541822adb794bb89eb, type: 2}
      propertyPath: m_LocalRotation.y
      value: -0
      objectReference: {fileID: 0}
    - target: {fileID: 4882326476862030, guid: 5d5c48cf9972ae541822adb794bb89eb, type: 2}
      propertyPath: m_LocalRotation.z
      value: -0
      objectReference: {fileID: 0}
    - target: {fileID: 4882326476862030, guid: 5d5c48cf9972ae541822adb794bb89eb, type: 2}
      propertyPath: m_LocalRotation.w
      value: 1
      objectReference: {fileID: 0}
    - target: {fileID: 4882326476862030, guid: 5d5c48cf9972ae541822adb794bb89eb, type: 2}
      propertyPath: m_RootOrder
      value: 1
      objectReference: {fileID: 0}
    m_RemovedComponents: []
  m_SourcePrefab: {fileID: 100100000, guid: 5d5c48cf9972ae541822adb794bb89eb, type: 2}
  m_IsPrefabAsset: 0
--- !u!4 &32880203 stripped
Transform:
  m_CorrespondingSourceObject: {fileID: 4882326476862030, guid: 5d5c48cf9972ae541822adb794bb89eb,
    type: 2}
  m_PrefabInternal: {fileID: 32880202}
--- !u!1001 &235806701
Prefab:
  m_ObjectHideFlags: 0
  serializedVersion: 2
  m_Modification:
    m_TransformParent: {fileID: 781318327}
    m_Modifications:
    - target: {fileID: 4154426617398856, guid: 138e2f4802d9aa94eaa089808a5235bb, type: 2}
      propertyPath: m_LocalPosition.x
      value: -244.28183
      objectReference: {fileID: 0}
    - target: {fileID: 4154426617398856, guid: 138e2f4802d9aa94eaa089808a5235bb, type: 2}
      propertyPath: m_LocalPosition.y
      value: -14.248075
      objectReference: {fileID: 0}
    - target: {fileID: 4154426617398856, guid: 138e2f4802d9aa94eaa089808a5235bb, type: 2}
      propertyPath: m_LocalPosition.z
      value: 0.15625
      objectReference: {fileID: 0}
    - target: {fileID: 4154426617398856, guid: 138e2f4802d9aa94eaa089808a5235bb, type: 2}
      propertyPath: m_LocalRotation.x
      value: -0
      objectReference: {fileID: 0}
    - target: {fileID: 4154426617398856, guid: 138e2f4802d9aa94eaa089808a5235bb, type: 2}
      propertyPath: m_LocalRotation.y
      value: -0
      objectReference: {fileID: 0}
    - target: {fileID: 4154426617398856, guid: 138e2f4802d9aa94eaa089808a5235bb, type: 2}
      propertyPath: m_LocalRotation.z
      value: -0
      objectReference: {fileID: 0}
    - target: {fileID: 4154426617398856, guid: 138e2f4802d9aa94eaa089808a5235bb, type: 2}
      propertyPath: m_LocalRotation.w
      value: 1
      objectReference: {fileID: 0}
    - target: {fileID: 4154426617398856, guid: 138e2f4802d9aa94eaa089808a5235bb, type: 2}
      propertyPath: m_RootOrder
      value: 4
      objectReference: {fileID: 0}
    - target: {fileID: 212899870373337452, guid: 138e2f4802d9aa94eaa089808a5235bb,
        type: 2}
      propertyPath: m_Size.x
      value: 18.069294
      objectReference: {fileID: 0}
    m_RemovedComponents: []
  m_SourcePrefab: {fileID: 100100000, guid: 138e2f4802d9aa94eaa089808a5235bb, type: 2}
  m_IsPrefabAsset: 0
--- !u!4 &235806702 stripped
Transform:
  m_CorrespondingSourceObject: {fileID: 4154426617398856, guid: 138e2f4802d9aa94eaa089808a5235bb,
    type: 2}
  m_PrefabInternal: {fileID: 235806701}
--- !u!1001 &396963275
Prefab:
  m_ObjectHideFlags: 0
  serializedVersion: 2
  m_Modification:
    m_TransformParent: {fileID: 29267680}
    m_Modifications:
    - target: {fileID: 4025457751654672, guid: f4cc27a04bdd89a4fb29c3de6bed7e21, type: 2}
      propertyPath: m_LocalPosition.x
      value: -16.813656
      objectReference: {fileID: 0}
    - target: {fileID: 4025457751654672, guid: f4cc27a04bdd89a4fb29c3de6bed7e21, type: 2}
      propertyPath: m_LocalPosition.y
      value: -8.468
      objectReference: {fileID: 0}
    - target: {fileID: 4025457751654672, guid: f4cc27a04bdd89a4fb29c3de6bed7e21, type: 2}
      propertyPath: m_LocalPosition.z
      value: -10.532639
      objectReference: {fileID: 0}
    - target: {fileID: 4025457751654672, guid: f4cc27a04bdd89a4fb29c3de6bed7e21, type: 2}
      propertyPath: m_LocalRotation.x
      value: -0
      objectReference: {fileID: 0}
    - target: {fileID: 4025457751654672, guid: f4cc27a04bdd89a4fb29c3de6bed7e21, type: 2}
      propertyPath: m_LocalRotation.y
      value: -0
      objectReference: {fileID: 0}
    - target: {fileID: 4025457751654672, guid: f4cc27a04bdd89a4fb29c3de6bed7e21, type: 2}
      propertyPath: m_LocalRotation.z
      value: -0
      objectReference: {fileID: 0}
    - target: {fileID: 4025457751654672, guid: f4cc27a04bdd89a4fb29c3de6bed7e21, type: 2}
      propertyPath: m_LocalRotation.w
      value: 1
      objectReference: {fileID: 0}
    - target: {fileID: 4025457751654672, guid: f4cc27a04bdd89a4fb29c3de6bed7e21, type: 2}
      propertyPath: m_RootOrder
      value: 4
      objectReference: {fileID: 0}
    - target: {fileID: 1920532748863114, guid: f4cc27a04bdd89a4fb29c3de6bed7e21, type: 2}
      propertyPath: m_Name
      value: Wall (2)
      objectReference: {fileID: 0}
    - target: {fileID: 212513698627293950, guid: f4cc27a04bdd89a4fb29c3de6bed7e21,
        type: 2}
      propertyPath: m_Size.y
      value: 7.509061
      objectReference: {fileID: 0}
    - target: {fileID: 61707116627636662, guid: f4cc27a04bdd89a4fb29c3de6bed7e21,
        type: 2}
      propertyPath: m_SpriteTilingProperty.newSize.y
      value: 8.08217
      objectReference: {fileID: 0}
    - target: {fileID: 61707116627636662, guid: f4cc27a04bdd89a4fb29c3de6bed7e21,
        type: 2}
      propertyPath: m_Offset.y
      value: 0.38504124
      objectReference: {fileID: 0}
    - target: {fileID: 61707116627636662, guid: f4cc27a04bdd89a4fb29c3de6bed7e21,
        type: 2}
      propertyPath: m_Size.y
      value: 7.849682
      objectReference: {fileID: 0}
    m_RemovedComponents: []
  m_SourcePrefab: {fileID: 100100000, guid: f4cc27a04bdd89a4fb29c3de6bed7e21, type: 2}
  m_IsPrefabAsset: 0
--- !u!4 &396963276 stripped
Transform:
  m_CorrespondingSourceObject: {fileID: 4025457751654672, guid: f4cc27a04bdd89a4fb29c3de6bed7e21,
    type: 2}
  m_PrefabInternal: {fileID: 396963275}
--- !u!1001 &478242735
Prefab:
  m_ObjectHideFlags: 0
  serializedVersion: 2
  m_Modification:
    m_TransformParent: {fileID: 1537616208}
    m_Modifications:
    - target: {fileID: 4157025233616178, guid: 43d87c0381c75b44cbbf67b2e436d1a6, type: 2}
      propertyPath: m_LocalPosition.x
      value: -3.7969284
      objectReference: {fileID: 0}
    - target: {fileID: 4157025233616178, guid: 43d87c0381c75b44cbbf67b2e436d1a6, type: 2}
      propertyPath: m_LocalPosition.y
      value: 6.4614725
      objectReference: {fileID: 0}
    - target: {fileID: 4157025233616178, guid: 43d87c0381c75b44cbbf67b2e436d1a6, type: 2}
      propertyPath: m_LocalPosition.z
      value: -1.7507813
      objectReference: {fileID: 0}
    - target: {fileID: 4157025233616178, guid: 43d87c0381c75b44cbbf67b2e436d1a6, type: 2}
      propertyPath: m_LocalRotation.x
      value: -0
      objectReference: {fileID: 0}
    - target: {fileID: 4157025233616178, guid: 43d87c0381c75b44cbbf67b2e436d1a6, type: 2}
      propertyPath: m_LocalRotation.y
      value: -0
      objectReference: {fileID: 0}
    - target: {fileID: 4157025233616178, guid: 43d87c0381c75b44cbbf67b2e436d1a6, type: 2}
      propertyPath: m_LocalRotation.z
      value: -0
      objectReference: {fileID: 0}
    - target: {fileID: 4157025233616178, guid: 43d87c0381c75b44cbbf67b2e436d1a6, type: 2}
      propertyPath: m_LocalRotation.w
      value: 1
      objectReference: {fileID: 0}
    - target: {fileID: 4157025233616178, guid: 43d87c0381c75b44cbbf67b2e436d1a6, type: 2}
      propertyPath: m_RootOrder
      value: 1
      objectReference: {fileID: 0}
    - target: {fileID: 1463243976242060, guid: 43d87c0381c75b44cbbf67b2e436d1a6, type: 2}
      propertyPath: m_Name
      value: Thunder Strike
      objectReference: {fileID: 0}
    - target: {fileID: 4157025233616178, guid: 43d87c0381c75b44cbbf67b2e436d1a6, type: 2}
      propertyPath: m_LocalScale.x
      value: 2.46676
      objectReference: {fileID: 0}
    - target: {fileID: 4157025233616178, guid: 43d87c0381c75b44cbbf67b2e436d1a6, type: 2}
      propertyPath: m_LocalScale.y
      value: 2.46676
      objectReference: {fileID: 0}
    - target: {fileID: 4157025233616178, guid: 43d87c0381c75b44cbbf67b2e436d1a6, type: 2}
      propertyPath: m_LocalScale.z
      value: 2.46676
      objectReference: {fileID: 0}
    m_RemovedComponents: []
  m_SourcePrefab: {fileID: 100100000, guid: 43d87c0381c75b44cbbf67b2e436d1a6, type: 2}
  m_IsPrefabAsset: 0
--- !u!4 &478242736 stripped
Transform:
  m_CorrespondingSourceObject: {fileID: 4157025233616178, guid: 43d87c0381c75b44cbbf67b2e436d1a6,
    type: 2}
  m_PrefabInternal: {fileID: 478242735}
--- !u!1 &481682225
GameObject:
  m_ObjectHideFlags: 0
  m_CorrespondingSourceObject: {fileID: 0}
  m_PrefabInternal: {fileID: 0}
  serializedVersion: 6
  m_Component:
  - component: {fileID: 481682226}
  m_Layer: 0
  m_Name: Ceilings
  m_TagString: Untagged
  m_Icon: {fileID: 0}
  m_NavMeshLayer: 0
  m_StaticEditorFlags: 0
  m_IsActive: 1
--- !u!4 &481682226
Transform:
  m_ObjectHideFlags: 0
  m_CorrespondingSourceObject: {fileID: 0}
  m_PrefabInternal: {fileID: 0}
  m_GameObject: {fileID: 481682225}
  m_LocalRotation: {x: 0, y: 0, z: 0, w: 1}
  m_LocalPosition: {x: 30.362125, y: 10.92049, z: 0.7515625}
  m_LocalScale: {x: 1, y: 1, z: 1}
  m_Children:
  - {fileID: 1020423911}
  - {fileID: 1238065231}
  - {fileID: 1563291335}
  m_Father: {fileID: 0}
  m_RootOrder: 6
  m_LocalEulerAnglesHint: {x: 0, y: 0, z: 0}
--- !u!1001 &510414674
Prefab:
  m_ObjectHideFlags: 0
  serializedVersion: 2
  m_Modification:
    m_TransformParent: {fileID: 869729265}
    m_Modifications:
    - target: {fileID: 4175770577692700, guid: 7afdbb283c877de4aa9d217329577ebf, type: 2}
      propertyPath: m_LocalPosition.x
      value: -256.101
      objectReference: {fileID: 0}
    - target: {fileID: 4175770577692700, guid: 7afdbb283c877de4aa9d217329577ebf, type: 2}
      propertyPath: m_LocalPosition.y
      value: -14.15
      objectReference: {fileID: 0}
    - target: {fileID: 4175770577692700, guid: 7afdbb283c877de4aa9d217329577ebf, type: 2}
      propertyPath: m_LocalPosition.z
      value: 0.30625
      objectReference: {fileID: 0}
    - target: {fileID: 4175770577692700, guid: 7afdbb283c877de4aa9d217329577ebf, type: 2}
      propertyPath: m_LocalRotation.x
      value: -0
      objectReference: {fileID: 0}
    - target: {fileID: 4175770577692700, guid: 7afdbb283c877de4aa9d217329577ebf, type: 2}
      propertyPath: m_LocalRotation.y
      value: -0
      objectReference: {fileID: 0}
    - target: {fileID: 4175770577692700, guid: 7afdbb283c877de4aa9d217329577ebf, type: 2}
      propertyPath: m_LocalRotation.z
      value: -0
      objectReference: {fileID: 0}
    - target: {fileID: 4175770577692700, guid: 7afdbb283c877de4aa9d217329577ebf, type: 2}
      propertyPath: m_LocalRotation.w
      value: 1
      objectReference: {fileID: 0}
    - target: {fileID: 4175770577692700, guid: 7afdbb283c877de4aa9d217329577ebf, type: 2}
      propertyPath: m_RootOrder
      value: 1
      objectReference: {fileID: 0}
    - target: {fileID: 1936387625419072, guid: 7afdbb283c877de4aa9d217329577ebf, type: 2}
      propertyPath: m_Name
      value: Floor 1 (1)
      objectReference: {fileID: 0}
    - target: {fileID: 212430762806796496, guid: 7afdbb283c877de4aa9d217329577ebf,
        type: 2}
      propertyPath: m_Size.x
      value: 10.463116
      objectReference: {fileID: 0}
    - target: {fileID: 212430762806796496, guid: 7afdbb283c877de4aa9d217329577ebf,
        type: 2}
      propertyPath: m_Size.y
      value: 0.71539754
      objectReference: {fileID: 0}
    - target: {fileID: 61447494325440640, guid: 7afdbb283c877de4aa9d217329577ebf,
        type: 2}
      propertyPath: m_SpriteTilingProperty.newSize.x
      value: 31.852049
      objectReference: {fileID: 0}
    - target: {fileID: 61447494325440640, guid: 7afdbb283c877de4aa9d217329577ebf,
        type: 2}
      propertyPath: m_SpriteTilingProperty.newSize.y
      value: 0.71539754
      objectReference: {fileID: 0}
    m_RemovedComponents: []
  m_SourcePrefab: {fileID: 100100000, guid: 7afdbb283c877de4aa9d217329577ebf, type: 2}
  m_IsPrefabAsset: 0
--- !u!4 &510414675 stripped
Transform:
  m_CorrespondingSourceObject: {fileID: 4175770577692700, guid: 7afdbb283c877de4aa9d217329577ebf,
    type: 2}
  m_PrefabInternal: {fileID: 510414674}
--- !u!1001 &519356729
Prefab:
  m_ObjectHideFlags: 0
  serializedVersion: 2
  m_Modification:
    m_TransformParent: {fileID: 1113741839}
    m_Modifications:
    - target: {fileID: 4882326476862030, guid: 5d5c48cf9972ae541822adb794bb89eb, type: 2}
      propertyPath: m_LocalPosition.x
      value: -51.621323
      objectReference: {fileID: 0}
    - target: {fileID: 4882326476862030, guid: 5d5c48cf9972ae541822adb794bb89eb, type: 2}
      propertyPath: m_LocalPosition.y
      value: -11.12368
      objectReference: {fileID: 0}
    - target: {fileID: 4882326476862030, guid: 5d5c48cf9972ae541822adb794bb89eb, type: 2}
      propertyPath: m_LocalPosition.z
      value: 1.5625
      objectReference: {fileID: 0}
    - target: {fileID: 4882326476862030, guid: 5d5c48cf9972ae541822adb794bb89eb, type: 2}
      propertyPath: m_LocalRotation.x
      value: -0
      objectReference: {fileID: 0}
    - target: {fileID: 4882326476862030, guid: 5d5c48cf9972ae541822adb794bb89eb, type: 2}
      propertyPath: m_LocalRotation.y
      value: -0
      objectReference: {fileID: 0}
    - target: {fileID: 4882326476862030, guid: 5d5c48cf9972ae541822adb794bb89eb, type: 2}
      propertyPath: m_LocalRotation.z
      value: -0
      objectReference: {fileID: 0}
    - target: {fileID: 4882326476862030, guid: 5d5c48cf9972ae541822adb794bb89eb, type: 2}
      propertyPath: m_LocalRotation.w
      value: 1
      objectReference: {fileID: 0}
    - target: {fileID: 4882326476862030, guid: 5d5c48cf9972ae541822adb794bb89eb, type: 2}
      propertyPath: m_RootOrder
      value: 2
      objectReference: {fileID: 0}
    - target: {fileID: 1713168525539684, guid: 5d5c48cf9972ae541822adb794bb89eb, type: 2}
      propertyPath: m_Name
      value: DoorSprite (1)
      objectReference: {fileID: 0}
    m_RemovedComponents: []
  m_SourcePrefab: {fileID: 100100000, guid: 5d5c48cf9972ae541822adb794bb89eb, type: 2}
  m_IsPrefabAsset: 0
--- !u!4 &519356730 stripped
Transform:
  m_CorrespondingSourceObject: {fileID: 4882326476862030, guid: 5d5c48cf9972ae541822adb794bb89eb,
    type: 2}
  m_PrefabInternal: {fileID: 519356729}
--- !u!1001 &620525380
Prefab:
  m_ObjectHideFlags: 0
  serializedVersion: 2
  m_Modification:
    m_TransformParent: {fileID: 29267680}
    m_Modifications:
    - target: {fileID: 4025457751654672, guid: f4cc27a04bdd89a4fb29c3de6bed7e21, type: 2}
      propertyPath: m_LocalPosition.x
      value: 21.81
      objectReference: {fileID: 0}
    - target: {fileID: 4025457751654672, guid: f4cc27a04bdd89a4fb29c3de6bed7e21, type: 2}
      propertyPath: m_LocalPosition.y
      value: -5.39
      objectReference: {fileID: 0}
    - target: {fileID: 4025457751654672, guid: f4cc27a04bdd89a4fb29c3de6bed7e21, type: 2}
      propertyPath: m_LocalPosition.z
      value: -10.532639
      objectReference: {fileID: 0}
    - target: {fileID: 4025457751654672, guid: f4cc27a04bdd89a4fb29c3de6bed7e21, type: 2}
      propertyPath: m_LocalRotation.x
      value: -0
      objectReference: {fileID: 0}
    - target: {fileID: 4025457751654672, guid: f4cc27a04bdd89a4fb29c3de6bed7e21, type: 2}
      propertyPath: m_LocalRotation.y
      value: -0
      objectReference: {fileID: 0}
    - target: {fileID: 4025457751654672, guid: f4cc27a04bdd89a4fb29c3de6bed7e21, type: 2}
      propertyPath: m_LocalRotation.z
      value: -0
      objectReference: {fileID: 0}
    - target: {fileID: 4025457751654672, guid: f4cc27a04bdd89a4fb29c3de6bed7e21, type: 2}
      propertyPath: m_LocalRotation.w
      value: 1
      objectReference: {fileID: 0}
    - target: {fileID: 4025457751654672, guid: f4cc27a04bdd89a4fb29c3de6bed7e21, type: 2}
      propertyPath: m_RootOrder
      value: 3
      objectReference: {fileID: 0}
    - target: {fileID: 1920532748863114, guid: f4cc27a04bdd89a4fb29c3de6bed7e21, type: 2}
      propertyPath: m_Name
      value: Wall (3)
      objectReference: {fileID: 0}
    - target: {fileID: 212513698627293950, guid: f4cc27a04bdd89a4fb29c3de6bed7e21,
        type: 2}
      propertyPath: m_Size.y
      value: 1.6698768
      objectReference: {fileID: 0}
    - target: {fileID: 61707116627636662, guid: f4cc27a04bdd89a4fb29c3de6bed7e21,
        type: 2}
      propertyPath: m_SpriteTilingProperty.newSize.y
      value: 1.9458344
      objectReference: {fileID: 0}
    - target: {fileID: 61707116627636662, guid: f4cc27a04bdd89a4fb29c3de6bed7e21,
        type: 2}
      propertyPath: m_Offset.y
      value: 0.1418581
      objectReference: {fileID: 0}
    - target: {fileID: 61707116627636662, guid: f4cc27a04bdd89a4fb29c3de6bed7e21,
        type: 2}
      propertyPath: m_Size.y
      value: 2.1753902
      objectReference: {fileID: 0}
    m_RemovedComponents: []
  m_SourcePrefab: {fileID: 100100000, guid: f4cc27a04bdd89a4fb29c3de6bed7e21, type: 2}
  m_IsPrefabAsset: 0
--- !u!4 &620525381 stripped
Transform:
  m_CorrespondingSourceObject: {fileID: 4025457751654672, guid: f4cc27a04bdd89a4fb29c3de6bed7e21,
    type: 2}
  m_PrefabInternal: {fileID: 620525380}
--- !u!1001 &668548713
Prefab:
  m_ObjectHideFlags: 0
  serializedVersion: 2
  m_Modification:
    m_TransformParent: {fileID: 1113741839}
    m_Modifications:
    - target: {fileID: 4882326476862030, guid: 5d5c48cf9972ae541822adb794bb89eb, type: 2}
      propertyPath: m_LocalPosition.x
      value: -38.311325
      objectReference: {fileID: 0}
    - target: {fileID: 4882326476862030, guid: 5d5c48cf9972ae541822adb794bb89eb, type: 2}
      propertyPath: m_LocalPosition.y
      value: -11.123681
      objectReference: {fileID: 0}
    - target: {fileID: 4882326476862030, guid: 5d5c48cf9972ae541822adb794bb89eb, type: 2}
      propertyPath: m_LocalPosition.z
      value: 1.5625
      objectReference: {fileID: 0}
    - target: {fileID: 4882326476862030, guid: 5d5c48cf9972ae541822adb794bb89eb, type: 2}
      propertyPath: m_LocalRotation.x
      value: -0
      objectReference: {fileID: 0}
    - target: {fileID: 4882326476862030, guid: 5d5c48cf9972ae541822adb794bb89eb, type: 2}
      propertyPath: m_LocalRotation.y
      value: -0
      objectReference: {fileID: 0}
    - target: {fileID: 4882326476862030, guid: 5d5c48cf9972ae541822adb794bb89eb, type: 2}
      propertyPath: m_LocalRotation.z
      value: -0
      objectReference: {fileID: 0}
    - target: {fileID: 4882326476862030, guid: 5d5c48cf9972ae541822adb794bb89eb, type: 2}
      propertyPath: m_LocalRotation.w
      value: 1
      objectReference: {fileID: 0}
    - target: {fileID: 4882326476862030, guid: 5d5c48cf9972ae541822adb794bb89eb, type: 2}
      propertyPath: m_RootOrder
      value: 0
      objectReference: {fileID: 0}
    - target: {fileID: 1713168525539684, guid: 5d5c48cf9972ae541822adb794bb89eb, type: 2}
      propertyPath: m_Name
      value: DoorSprite (2)
      objectReference: {fileID: 0}
    m_RemovedComponents: []
  m_SourcePrefab: {fileID: 100100000, guid: 5d5c48cf9972ae541822adb794bb89eb, type: 2}
  m_IsPrefabAsset: 0
--- !u!4 &668548714 stripped
Transform:
  m_CorrespondingSourceObject: {fileID: 4882326476862030, guid: 5d5c48cf9972ae541822adb794bb89eb,
    type: 2}
  m_PrefabInternal: {fileID: 668548713}
--- !u!1 &703943640
GameObject:
  m_ObjectHideFlags: 0
  m_CorrespondingSourceObject: {fileID: 0}
  m_PrefabInternal: {fileID: 0}
  serializedVersion: 6
  m_Component:
  - component: {fileID: 703943641}
  m_Layer: 0
  m_Name: Torches and Other Objects
  m_TagString: Untagged
  m_Icon: {fileID: 0}
  m_NavMeshLayer: 0
  m_StaticEditorFlags: 0
  m_IsActive: 1
--- !u!4 &703943641
Transform:
  m_ObjectHideFlags: 0
  m_CorrespondingSourceObject: {fileID: 0}
  m_PrefabInternal: {fileID: 0}
  m_GameObject: {fileID: 703943640}
  m_LocalRotation: {x: 0, y: 0, z: 0, w: 1}
  m_LocalPosition: {x: 92.35533, y: 5.16271, z: -0.38671875}
  m_LocalScale: {x: 1, y: 1, z: 1}
  m_Children:
  - {fileID: 1951635445}
  - {fileID: 953681605}
  - {fileID: 2102040204}
  - {fileID: 1568593511}
  m_Father: {fileID: 0}
  m_RootOrder: 9
  m_LocalEulerAnglesHint: {x: 0, y: 0, z: 0}
--- !u!1 &781318326
GameObject:
  m_ObjectHideFlags: 0
  m_CorrespondingSourceObject: {fileID: 0}
  m_PrefabInternal: {fileID: 0}
  serializedVersion: 6
  m_Component:
  - component: {fileID: 781318327}
  m_Layer: 0
  m_Name: Enviornment
  m_TagString: Untagged
  m_Icon: {fileID: 0}
  m_NavMeshLayer: 0
  m_StaticEditorFlags: 0
  m_IsActive: 1
--- !u!4 &781318327
Transform:
  m_ObjectHideFlags: 0
  m_CorrespondingSourceObject: {fileID: 0}
  m_PrefabInternal: {fileID: 0}
  m_GameObject: {fileID: 781318326}
  m_LocalRotation: {x: -0, y: -0, z: -0, w: 1}
  m_LocalPosition: {x: 281.55182, y: 16.408073, z: -0.15625}
  m_LocalScale: {x: 1, y: 1, z: 1}
  m_Children:
  - {fileID: 1398764447}
  - {fileID: 1645586703}
  - {fileID: 1249049244}
  - {fileID: 1127490098}
  - {fileID: 235806702}
  m_Father: {fileID: 0}
  m_RootOrder: 0
  m_LocalEulerAnglesHint: {x: 0, y: 0, z: 0}
--- !u!1001 &796712230
Prefab:
  m_ObjectHideFlags: 0
  serializedVersion: 2
  m_Modification:
    m_TransformParent: {fileID: 0}
    m_Modifications:
    - target: {fileID: 4345927060395744, guid: 88469a93d6d70204aaca5e33f244e189, type: 2}
      propertyPath: m_LocalPosition.x
      value: 56.432
      objectReference: {fileID: 0}
    - target: {fileID: 4345927060395744, guid: 88469a93d6d70204aaca5e33f244e189, type: 2}
      propertyPath: m_LocalPosition.y
      value: 4.971
      objectReference: {fileID: 0}
    - target: {fileID: 4345927060395744, guid: 88469a93d6d70204aaca5e33f244e189, type: 2}
      propertyPath: m_LocalPosition.z
      value: 0
      objectReference: {fileID: 0}
    - target: {fileID: 4345927060395744, guid: 88469a93d6d70204aaca5e33f244e189, type: 2}
      propertyPath: m_LocalRotation.x
      value: 0
      objectReference: {fileID: 0}
    - target: {fileID: 4345927060395744, guid: 88469a93d6d70204aaca5e33f244e189, type: 2}
      propertyPath: m_LocalRotation.y
      value: 0
      objectReference: {fileID: 0}
    - target: {fileID: 4345927060395744, guid: 88469a93d6d70204aaca5e33f244e189, type: 2}
      propertyPath: m_LocalRotation.z
      value: 0
      objectReference: {fileID: 0}
    - target: {fileID: 4345927060395744, guid: 88469a93d6d70204aaca5e33f244e189, type: 2}
      propertyPath: m_LocalRotation.w
      value: 1
      objectReference: {fileID: 0}
    - target: {fileID: 4345927060395744, guid: 88469a93d6d70204aaca5e33f244e189, type: 2}
      propertyPath: m_RootOrder
      value: 1
      objectReference: {fileID: 0}
    m_RemovedComponents: []
  m_SourcePrefab: {fileID: 100100000, guid: 88469a93d6d70204aaca5e33f244e189, type: 2}
  m_IsPrefabAsset: 0
--- !u!1 &869729264
GameObject:
  m_ObjectHideFlags: 0
  m_CorrespondingSourceObject: {fileID: 0}
  m_PrefabInternal: {fileID: 0}
  serializedVersion: 6
  m_Component:
  - component: {fileID: 869729265}
  m_Layer: 0
  m_Name: Floors
  m_TagString: Untagged
  m_Icon: {fileID: 0}
  m_NavMeshLayer: 0
  m_StaticEditorFlags: 0
  m_IsActive: 1
--- !u!4 &869729265
Transform:
  m_ObjectHideFlags: 0
  m_CorrespondingSourceObject: {fileID: 0}
  m_PrefabInternal: {fileID: 0}
  m_GameObject: {fileID: 869729264}
  m_LocalRotation: {x: -0, y: -0, z: -0, w: 1}
  m_LocalPosition: {x: 281.55182, y: 16.408073, z: -0.15625}
  m_LocalScale: {x: 1, y: 1, z: 1}
  m_Children:
  - {fileID: 1011160788}
  - {fileID: 510414675}
  - {fileID: 2048004224}
  m_Father: {fileID: 0}
  m_RootOrder: 4
  m_LocalEulerAnglesHint: {x: 0, y: 0, z: 0}
--- !u!1001 &953681604
Prefab:
  m_ObjectHideFlags: 0
  serializedVersion: 2
  m_Modification:
    m_TransformParent: {fileID: 703943641}
    m_Modifications:
    - target: {fileID: 4345927060395744, guid: 88469a93d6d70204aaca5e33f244e189, type: 2}
      propertyPath: m_LocalPosition.x
      value: -28.224861
      objectReference: {fileID: 0}
    - target: {fileID: 4345927060395744, guid: 88469a93d6d70204aaca5e33f244e189, type: 2}
      propertyPath: m_LocalPosition.y
      value: -0.25271034
      objectReference: {fileID: 0}
    - target: {fileID: 4345927060395744, guid: 88469a93d6d70204aaca5e33f244e189, type: 2}
      propertyPath: m_LocalPosition.z
      value: 0.38671875
      objectReference: {fileID: 0}
    - target: {fileID: 4345927060395744, guid: 88469a93d6d70204aaca5e33f244e189, type: 2}
      propertyPath: m_LocalRotation.x
      value: -0
      objectReference: {fileID: 0}
    - target: {fileID: 4345927060395744, guid: 88469a93d6d70204aaca5e33f244e189, type: 2}
      propertyPath: m_LocalRotation.y
      value: -0
      objectReference: {fileID: 0}
    - target: {fileID: 4345927060395744, guid: 88469a93d6d70204aaca5e33f244e189, type: 2}
      propertyPath: m_LocalRotation.z
      value: -0
      objectReference: {fileID: 0}
    - target: {fileID: 4345927060395744, guid: 88469a93d6d70204aaca5e33f244e189, type: 2}
      propertyPath: m_LocalRotation.w
      value: 1
      objectReference: {fileID: 0}
    - target: {fileID: 4345927060395744, guid: 88469a93d6d70204aaca5e33f244e189, type: 2}
      propertyPath: m_RootOrder
      value: 1
      objectReference: {fileID: 0}
    - target: {fileID: 1644662827520788, guid: 88469a93d6d70204aaca5e33f244e189, type: 2}
      propertyPath: m_Name
      value: Torch (1)
      objectReference: {fileID: 0}
    m_RemovedComponents: []
  m_SourcePrefab: {fileID: 100100000, guid: 88469a93d6d70204aaca5e33f244e189, type: 2}
  m_IsPrefabAsset: 0
--- !u!4 &953681605 stripped
Transform:
  m_CorrespondingSourceObject: {fileID: 4345927060395744, guid: 88469a93d6d70204aaca5e33f244e189,
    type: 2}
  m_PrefabInternal: {fileID: 953681604}
--- !u!1001 &1011160787
Prefab:
  m_ObjectHideFlags: 0
  serializedVersion: 2
  m_Modification:
    m_TransformParent: {fileID: 869729265}
    m_Modifications:
    - target: {fileID: 4175770577692700, guid: 7afdbb283c877de4aa9d217329577ebf, type: 2}
      propertyPath: m_LocalPosition.x
      value: -211.826
      objectReference: {fileID: 0}
    - target: {fileID: 4175770577692700, guid: 7afdbb283c877de4aa9d217329577ebf, type: 2}
      propertyPath: m_LocalPosition.y
      value: -14.210001
      objectReference: {fileID: 0}
    - target: {fileID: 4175770577692700, guid: 7afdbb283c877de4aa9d217329577ebf, type: 2}
      propertyPath: m_LocalPosition.z
      value: 0.30625
      objectReference: {fileID: 0}
    - target: {fileID: 4175770577692700, guid: 7afdbb283c877de4aa9d217329577ebf, type: 2}
      propertyPath: m_LocalRotation.x
      value: -0
      objectReference: {fileID: 0}
    - target: {fileID: 4175770577692700, guid: 7afdbb283c877de4aa9d217329577ebf, type: 2}
      propertyPath: m_LocalRotation.y
      value: -0
      objectReference: {fileID: 0}
    - target: {fileID: 4175770577692700, guid: 7afdbb283c877de4aa9d217329577ebf, type: 2}
      propertyPath: m_LocalRotation.z
      value: -0
      objectReference: {fileID: 0}
    - target: {fileID: 4175770577692700, guid: 7afdbb283c877de4aa9d217329577ebf, type: 2}
      propertyPath: m_LocalRotation.w
      value: 1
      objectReference: {fileID: 0}
    - target: {fileID: 4175770577692700, guid: 7afdbb283c877de4aa9d217329577ebf, type: 2}
      propertyPath: m_RootOrder
      value: 0
      objectReference: {fileID: 0}
    - target: {fileID: 1936387625419072, guid: 7afdbb283c877de4aa9d217329577ebf, type: 2}
      propertyPath: m_Name
      value: Floor 1 (2)
      objectReference: {fileID: 0}
    - target: {fileID: 212430762806796496, guid: 7afdbb283c877de4aa9d217329577ebf,
        type: 2}
      propertyPath: m_Size.x
      value: 51.514706
      objectReference: {fileID: 0}
    - target: {fileID: 61447494325440640, guid: 7afdbb283c877de4aa9d217329577ebf,
        type: 2}
      propertyPath: m_SpriteTilingProperty.newSize.x
      value: 114.75183
      objectReference: {fileID: 0}
    - target: {fileID: 212430762806796496, guid: 7afdbb283c877de4aa9d217329577ebf,
        type: 2}
      propertyPath: m_Size.y
      value: 0.8184802
      objectReference: {fileID: 0}
    - target: {fileID: 61447494325440640, guid: 7afdbb283c877de4aa9d217329577ebf,
        type: 2}
      propertyPath: m_SpriteTilingProperty.newSize.y
      value: 0.83229893
      objectReference: {fileID: 0}
    m_RemovedComponents: []
  m_SourcePrefab: {fileID: 100100000, guid: 7afdbb283c877de4aa9d217329577ebf, type: 2}
  m_IsPrefabAsset: 0
--- !u!4 &1011160788 stripped
Transform:
  m_CorrespondingSourceObject: {fileID: 4175770577692700, guid: 7afdbb283c877de4aa9d217329577ebf,
    type: 2}
  m_PrefabInternal: {fileID: 1011160787}
--- !u!1001 &1020423910
Prefab:
  m_ObjectHideFlags: 0
  serializedVersion: 2
  m_Modification:
    m_TransformParent: {fileID: 481682226}
    m_Modifications:
    - target: {fileID: 4321752200422956, guid: 84f62c578c12af14886e7abeb19072dd, type: 2}
      propertyPath: m_LocalPosition.x
      value: 56.54969
      objectReference: {fileID: 0}
    - target: {fileID: 4321752200422956, guid: 84f62c578c12af14886e7abeb19072dd, type: 2}
      propertyPath: m_LocalPosition.y
      value: 3.3275833
      objectReference: {fileID: 0}
    - target: {fileID: 4321752200422956, guid: 84f62c578c12af14886e7abeb19072dd, type: 2}
      propertyPath: m_LocalPosition.z
      value: -0.8410786
      objectReference: {fileID: 0}
    - target: {fileID: 4321752200422956, guid: 84f62c578c12af14886e7abeb19072dd, type: 2}
      propertyPath: m_LocalRotation.x
      value: -0
      objectReference: {fileID: 0}
    - target: {fileID: 4321752200422956, guid: 84f62c578c12af14886e7abeb19072dd, type: 2}
      propertyPath: m_LocalRotation.y
      value: -0
      objectReference: {fileID: 0}
    - target: {fileID: 4321752200422956, guid: 84f62c578c12af14886e7abeb19072dd, type: 2}
      propertyPath: m_LocalRotation.z
      value: -0
      objectReference: {fileID: 0}
    - target: {fileID: 4321752200422956, guid: 84f62c578c12af14886e7abeb19072dd, type: 2}
      propertyPath: m_LocalRotation.w
      value: 1
      objectReference: {fileID: 0}
    - target: {fileID: 4321752200422956, guid: 84f62c578c12af14886e7abeb19072dd, type: 2}
      propertyPath: m_RootOrder
      value: 0
      objectReference: {fileID: 0}
    - target: {fileID: 1859038129370314, guid: 84f62c578c12af14886e7abeb19072dd, type: 2}
      propertyPath: m_Name
      value: Ceiling 1 (1)
      objectReference: {fileID: 0}
    - target: {fileID: 212449004194071232, guid: 84f62c578c12af14886e7abeb19072dd,
        type: 2}
      propertyPath: m_Size.x
      value: 17.138086
      objectReference: {fileID: 0}
    - target: {fileID: 61949651139887618, guid: 84f62c578c12af14886e7abeb19072dd,
        type: 2}
      propertyPath: m_SpriteTilingProperty.newSize.x
      value: 17.138086
      objectReference: {fileID: 0}
    m_RemovedComponents: []
  m_SourcePrefab: {fileID: 100100000, guid: 84f62c578c12af14886e7abeb19072dd, type: 2}
  m_IsPrefabAsset: 0
--- !u!4 &1020423911 stripped
Transform:
  m_CorrespondingSourceObject: {fileID: 4321752200422956, guid: 84f62c578c12af14886e7abeb19072dd,
    type: 2}
  m_PrefabInternal: {fileID: 1020423910}
--- !u!1001 &1066551548
Prefab:
  m_ObjectHideFlags: 0
  serializedVersion: 2
  m_Modification:
    m_TransformParent: {fileID: 0}
    m_Modifications:
    - target: {fileID: 4999456047697868, guid: 9fc1bc9cb9d2c3947a55f8c11b1148f7, type: 2}
      propertyPath: m_LocalPosition.x
      value: -0.82
      objectReference: {fileID: 0}
    - target: {fileID: 4999456047697868, guid: 9fc1bc9cb9d2c3947a55f8c11b1148f7, type: 2}
      propertyPath: m_LocalPosition.y
      value: -4.24
      objectReference: {fileID: 0}
    - target: {fileID: 4999456047697868, guid: 9fc1bc9cb9d2c3947a55f8c11b1148f7, type: 2}
      propertyPath: m_LocalPosition.z
      value: 0
      objectReference: {fileID: 0}
    - target: {fileID: 4999456047697868, guid: 9fc1bc9cb9d2c3947a55f8c11b1148f7, type: 2}
      propertyPath: m_LocalRotation.x
      value: -0
      objectReference: {fileID: 0}
    - target: {fileID: 4999456047697868, guid: 9fc1bc9cb9d2c3947a55f8c11b1148f7, type: 2}
      propertyPath: m_LocalRotation.y
      value: -0
      objectReference: {fileID: 0}
    - target: {fileID: 4999456047697868, guid: 9fc1bc9cb9d2c3947a55f8c11b1148f7, type: 2}
      propertyPath: m_LocalRotation.z
      value: -0
      objectReference: {fileID: 0}
    - target: {fileID: 4999456047697868, guid: 9fc1bc9cb9d2c3947a55f8c11b1148f7, type: 2}
      propertyPath: m_LocalRotation.w
      value: 1
      objectReference: {fileID: 0}
    - target: {fileID: 4999456047697868, guid: 9fc1bc9cb9d2c3947a55f8c11b1148f7, type: 2}
      propertyPath: m_RootOrder
      value: 2
      objectReference: {fileID: 0}
    - target: {fileID: 61444308767371028, guid: 9fc1bc9cb9d2c3947a55f8c11b1148f7,
        type: 2}
      propertyPath: m_Offset.y
      value: 0.3028431
      objectReference: {fileID: 0}
    - target: {fileID: 61444308767371028, guid: 9fc1bc9cb9d2c3947a55f8c11b1148f7,
        type: 2}
      propertyPath: m_Size.y
      value: 85.07088
      objectReference: {fileID: 0}
    - target: {fileID: 58779936685740370, guid: 9fc1bc9cb9d2c3947a55f8c11b1148f7,
        type: 2}
      propertyPath: m_Radius
      value: 9.585017
      objectReference: {fileID: 0}
    - target: {fileID: 58779936685740370, guid: 9fc1bc9cb9d2c3947a55f8c11b1148f7,
        type: 2}
      propertyPath: m_Offset.y
      value: 34.62757
      objectReference: {fileID: 0}
    - target: {fileID: 58779936685740370, guid: 9fc1bc9cb9d2c3947a55f8c11b1148f7,
        type: 2}
      propertyPath: m_Offset.x
      value: 5.5986786
      objectReference: {fileID: 0}
    - target: {fileID: 70501069780069962, guid: 9fc1bc9cb9d2c3947a55f8c11b1148f7,
        type: 2}
      propertyPath: m_Offset.x
      value: 4.4323015
      objectReference: {fileID: 0}
    - target: {fileID: 70501069780069962, guid: 9fc1bc9cb9d2c3947a55f8c11b1148f7,
        type: 2}
      propertyPath: m_Size.x
      value: 18.869896
      objectReference: {fileID: 0}
    - target: {fileID: 70501069780069962, guid: 9fc1bc9cb9d2c3947a55f8c11b1148f7,
        type: 2}
      propertyPath: m_Offset.y
      value: -11.086458
      objectReference: {fileID: 0}
    - target: {fileID: 70501069780069962, guid: 9fc1bc9cb9d2c3947a55f8c11b1148f7,
        type: 2}
      propertyPath: m_Size.y
      value: 63.195793
      objectReference: {fileID: 0}
    - target: {fileID: 95765232451415838, guid: 9fc1bc9cb9d2c3947a55f8c11b1148f7,
        type: 2}
      propertyPath: m_ApplyRootMotion
      value: 0
      objectReference: {fileID: 0}
    - target: {fileID: 212623657968759198, guid: 9fc1bc9cb9d2c3947a55f8c11b1148f7,
        type: 2}
      propertyPath: m_Sprite
      value: 
      objectReference: {fileID: 21300000, guid: f2ab8f2906426364da3b4fd1da879d79,
        type: 3}
    m_RemovedComponents: []
  m_SourcePrefab: {fileID: 100100000, guid: 9fc1bc9cb9d2c3947a55f8c11b1148f7, type: 2}
  m_IsPrefabAsset: 0
--- !u!1001 &1070047302
Prefab:
  m_ObjectHideFlags: 0
  serializedVersion: 2
  m_Modification:
    m_TransformParent: {fileID: 29267680}
    m_Modifications:
    - target: {fileID: 4025457751654672, guid: f4cc27a04bdd89a4fb29c3de6bed7e21, type: 2}
      propertyPath: m_LocalPosition.x
      value: 34.913406
      objectReference: {fileID: 0}
    - target: {fileID: 4025457751654672, guid: f4cc27a04bdd89a4fb29c3de6bed7e21, type: 2}
      propertyPath: m_LocalPosition.y
      value: -5.481491
      objectReference: {fileID: 0}
    - target: {fileID: 4025457751654672, guid: f4cc27a04bdd89a4fb29c3de6bed7e21, type: 2}
      propertyPath: m_LocalPosition.z
      value: -10.532639
      objectReference: {fileID: 0}
    - target: {fileID: 4025457751654672, guid: f4cc27a04bdd89a4fb29c3de6bed7e21, type: 2}
      propertyPath: m_LocalRotation.x
      value: -0
      objectReference: {fileID: 0}
    - target: {fileID: 4025457751654672, guid: f4cc27a04bdd89a4fb29c3de6bed7e21, type: 2}
      propertyPath: m_LocalRotation.y
      value: -0
      objectReference: {fileID: 0}
    - target: {fileID: 4025457751654672, guid: f4cc27a04bdd89a4fb29c3de6bed7e21, type: 2}
      propertyPath: m_LocalRotation.z
      value: -0
      objectReference: {fileID: 0}
    - target: {fileID: 4025457751654672, guid: f4cc27a04bdd89a4fb29c3de6bed7e21, type: 2}
      propertyPath: m_LocalRotation.w
      value: 1
      objectReference: {fileID: 0}
    - target: {fileID: 4025457751654672, guid: f4cc27a04bdd89a4fb29c3de6bed7e21, type: 2}
      propertyPath: m_RootOrder
      value: 2
      objectReference: {fileID: 0}
    - target: {fileID: 1920532748863114, guid: f4cc27a04bdd89a4fb29c3de6bed7e21, type: 2}
      propertyPath: m_Name
      value: Wall (5)
      objectReference: {fileID: 0}
    - target: {fileID: 212513698627293950, guid: f4cc27a04bdd89a4fb29c3de6bed7e21,
        type: 2}
      propertyPath: m_Size.y
      value: 1.8529409
      objectReference: {fileID: 0}
    - target: {fileID: 61707116627636662, guid: f4cc27a04bdd89a4fb29c3de6bed7e21,
        type: 2}
      propertyPath: m_SpriteTilingProperty.newSize.y
      value: 1.8529409
      objectReference: {fileID: 0}
    - target: {fileID: 61707116627636662, guid: f4cc27a04bdd89a4fb29c3de6bed7e21,
        type: 2}
      propertyPath: m_Offset.y
      value: 0.121593
      objectReference: {fileID: 0}
    - target: {fileID: 61707116627636662, guid: f4cc27a04bdd89a4fb29c3de6bed7e21,
        type: 2}
      propertyPath: m_Size.y
      value: 2.1753893
      objectReference: {fileID: 0}
    m_RemovedComponents: []
  m_SourcePrefab: {fileID: 100100000, guid: f4cc27a04bdd89a4fb29c3de6bed7e21, type: 2}
  m_IsPrefabAsset: 0
--- !u!4 &1070047303 stripped
Transform:
  m_CorrespondingSourceObject: {fileID: 4025457751654672, guid: f4cc27a04bdd89a4fb29c3de6bed7e21,
    type: 2}
  m_PrefabInternal: {fileID: 1070047302}
--- !u!1001 &1101362504
Prefab:
  m_ObjectHideFlags: 0
  serializedVersion: 2
  m_Modification:
    m_TransformParent: {fileID: 1537616208}
    m_Modifications:
    - target: {fileID: 4393606055051814, guid: 2da2bc1599e73aa439a32c44ed569ad9, type: 2}
      propertyPath: m_LocalPosition.x
      value: 5.8230667
      objectReference: {fileID: 0}
    - target: {fileID: 4393606055051814, guid: 2da2bc1599e73aa439a32c44ed569ad9, type: 2}
      propertyPath: m_LocalPosition.y
      value: 3.6504717
      objectReference: {fileID: 0}
    - target: {fileID: 4393606055051814, guid: 2da2bc1599e73aa439a32c44ed569ad9, type: 2}
      propertyPath: m_LocalPosition.z
      value: -0.0390625
      objectReference: {fileID: 0}
    - target: {fileID: 4393606055051814, guid: 2da2bc1599e73aa439a32c44ed569ad9, type: 2}
      propertyPath: m_LocalRotation.x
      value: -0
      objectReference: {fileID: 0}
    - target: {fileID: 4393606055051814, guid: 2da2bc1599e73aa439a32c44ed569ad9, type: 2}
      propertyPath: m_LocalRotation.y
      value: -0
      objectReference: {fileID: 0}
    - target: {fileID: 4393606055051814, guid: 2da2bc1599e73aa439a32c44ed569ad9, type: 2}
      propertyPath: m_LocalRotation.z
      value: -0
      objectReference: {fileID: 0}
    - target: {fileID: 4393606055051814, guid: 2da2bc1599e73aa439a32c44ed569ad9, type: 2}
      propertyPath: m_LocalRotation.w
      value: 1
      objectReference: {fileID: 0}
    - target: {fileID: 4393606055051814, guid: 2da2bc1599e73aa439a32c44ed569ad9, type: 2}
      propertyPath: m_RootOrder
      value: 0
      objectReference: {fileID: 0}
    - target: {fileID: 70677013566642216, guid: 2da2bc1599e73aa439a32c44ed569ad9,
        type: 2}
      propertyPath: m_Offset.x
      value: 0.11413935
      objectReference: {fileID: 0}
    - target: {fileID: 70677013566642216, guid: 2da2bc1599e73aa439a32c44ed569ad9,
        type: 2}
      propertyPath: m_Size.x
      value: 0.403177
      objectReference: {fileID: 0}
    - target: {fileID: 70677013566642216, guid: 2da2bc1599e73aa439a32c44ed569ad9,
        type: 2}
      propertyPath: m_Offset.y
      value: -0.17850955
      objectReference: {fileID: 0}
    - target: {fileID: 70677013566642216, guid: 2da2bc1599e73aa439a32c44ed569ad9,
        type: 2}
      propertyPath: m_Size.y
      value: 0.812008
      objectReference: {fileID: 0}
    - target: {fileID: 70467906161739044, guid: 2da2bc1599e73aa439a32c44ed569ad9,
        type: 2}
      propertyPath: m_Offset.y
      value: 0.22807719
      objectReference: {fileID: 0}
    - target: {fileID: 70467906161739044, guid: 2da2bc1599e73aa439a32c44ed569ad9,
        type: 2}
      propertyPath: m_Size.y
      value: 0.41058093
      objectReference: {fileID: 0}
    - target: {fileID: 70467906161739044, guid: 2da2bc1599e73aa439a32c44ed569ad9,
        type: 2}
      propertyPath: m_Offset.x
      value: -0.20433925
      objectReference: {fileID: 0}
    - target: {fileID: 70467906161739044, guid: 2da2bc1599e73aa439a32c44ed569ad9,
        type: 2}
      propertyPath: m_Size.x
      value: 0.26694706
      objectReference: {fileID: 0}
    m_RemovedComponents: []
  m_SourcePrefab: {fileID: 100100000, guid: 2da2bc1599e73aa439a32c44ed569ad9, type: 2}
  m_IsPrefabAsset: 0
--- !u!4 &1101362505 stripped
Transform:
  m_CorrespondingSourceObject: {fileID: 4393606055051814, guid: 2da2bc1599e73aa439a32c44ed569ad9,
    type: 2}
  m_PrefabInternal: {fileID: 1101362504}
--- !u!1 &1113741838
GameObject:
  m_ObjectHideFlags: 0
  m_CorrespondingSourceObject: {fileID: 0}
  m_PrefabInternal: {fileID: 0}
  serializedVersion: 6
  m_Component:
  - component: {fileID: 1113741839}
  m_Layer: 0
  m_Name: Doors
  m_TagString: Untagged
  m_Icon: {fileID: 0}
  m_NavMeshLayer: 0
  m_StaticEditorFlags: 0
  m_IsActive: 1
--- !u!4 &1113741839
Transform:
  m_ObjectHideFlags: 0
  m_CorrespondingSourceObject: {fileID: 0}
  m_PrefabInternal: {fileID: 0}
  m_GameObject: {fileID: 1113741838}
  m_LocalRotation: {x: 0, y: 0, z: 0, w: 1}
  m_LocalPosition: {x: 116.811325, y: 14.91368, z: -1.5625}
  m_LocalScale: {x: 1, y: 1, z: 1}
  m_Children:
  - {fileID: 668548714}
  - {fileID: 32880203}
  - {fileID: 519356730}
  m_Father: {fileID: 0}
  m_RootOrder: 7
  m_LocalEulerAnglesHint: {x: 0, y: 0, z: 0}
--- !u!1001 &1127490097
Prefab:
  m_ObjectHideFlags: 0
  serializedVersion: 2
  m_Modification:
    m_TransformParent: {fileID: 781318327}
    m_Modifications:
    - target: {fileID: 4463321482665410, guid: e8eced8c3496241449bda0351e4c8546, type: 2}
      propertyPath: m_LocalPosition.x
      value: -231.67
      objectReference: {fileID: 0}
    - target: {fileID: 4463321482665410, guid: e8eced8c3496241449bda0351e4c8546, type: 2}
      propertyPath: m_LocalPosition.y
      value: -11.917
      objectReference: {fileID: 0}
    - target: {fileID: 4463321482665410, guid: e8eced8c3496241449bda0351e4c8546, type: 2}
      propertyPath: m_LocalPosition.z
      value: 0.15625
      objectReference: {fileID: 0}
    - target: {fileID: 4463321482665410, guid: e8eced8c3496241449bda0351e4c8546, type: 2}
      propertyPath: m_LocalRotation.x
      value: -0
      objectReference: {fileID: 0}
    - target: {fileID: 4463321482665410, guid: e8eced8c3496241449bda0351e4c8546, type: 2}
      propertyPath: m_LocalRotation.y
      value: -0
      objectReference: {fileID: 0}
    - target: {fileID: 4463321482665410, guid: e8eced8c3496241449bda0351e4c8546, type: 2}
      propertyPath: m_LocalRotation.z
      value: -0
      objectReference: {fileID: 0}
    - target: {fileID: 4463321482665410, guid: e8eced8c3496241449bda0351e4c8546, type: 2}
      propertyPath: m_LocalRotation.w
      value: 1
      objectReference: {fileID: 0}
    - target: {fileID: 4463321482665410, guid: e8eced8c3496241449bda0351e4c8546, type: 2}
      propertyPath: m_RootOrder
      value: 3
      objectReference: {fileID: 0}
    - target: {fileID: 1232429832749486, guid: e8eced8c3496241449bda0351e4c8546, type: 2}
      propertyPath: m_Name
      value: WallTileSprite (1)
      objectReference: {fileID: 0}
    - target: {fileID: 1232429832749486, guid: e8eced8c3496241449bda0351e4c8546, type: 2}
      propertyPath: m_Layer
      value: 0
      objectReference: {fileID: 0}
    - target: {fileID: 212653884534573024, guid: e8eced8c3496241449bda0351e4c8546,
        type: 2}
      propertyPath: m_Size.x
      value: 73.33112
      objectReference: {fileID: 0}
    - target: {fileID: 212653884534573024, guid: e8eced8c3496241449bda0351e4c8546,
        type: 2}
      propertyPath: m_Size.y
      value: 3.8366885
      objectReference: {fileID: 0}
    m_RemovedComponents: []
  m_SourcePrefab: {fileID: 100100000, guid: e8eced8c3496241449bda0351e4c8546, type: 2}
  m_IsPrefabAsset: 0
--- !u!4 &1127490098 stripped
Transform:
  m_CorrespondingSourceObject: {fileID: 4463321482665410, guid: e8eced8c3496241449bda0351e4c8546,
    type: 2}
  m_PrefabInternal: {fileID: 1127490097}
--- !u!1001 &1238065230
Prefab:
  m_ObjectHideFlags: 0
  serializedVersion: 2
  m_Modification:
    m_TransformParent: {fileID: 481682226}
    m_Modifications:
    - target: {fileID: 4321752200422956, guid: 84f62c578c12af14886e7abeb19072dd, type: 2}
      propertyPath: m_LocalPosition.x
      value: -24.709934
      objectReference: {fileID: 0}
    - target: {fileID: 4321752200422956, guid: 84f62c578c12af14886e7abeb19072dd, type: 2}
      propertyPath: m_LocalPosition.y
      value: -12.00037
      objectReference: {fileID: 0}
    - target: {fileID: 4321752200422956, guid: 84f62c578c12af14886e7abeb19072dd, type: 2}
      propertyPath: m_LocalPosition.z
      value: -0.8410786
      objectReference: {fileID: 0}
    - target: {fileID: 4321752200422956, guid: 84f62c578c12af14886e7abeb19072dd, type: 2}
      propertyPath: m_LocalRotation.x
      value: -0
      objectReference: {fileID: 0}
    - target: {fileID: 4321752200422956, guid: 84f62c578c12af14886e7abeb19072dd, type: 2}
      propertyPath: m_LocalRotation.y
      value: -0
      objectReference: {fileID: 0}
    - target: {fileID: 4321752200422956, guid: 84f62c578c12af14886e7abeb19072dd, type: 2}
      propertyPath: m_LocalRotation.z
      value: -0
      objectReference: {fileID: 0}
    - target: {fileID: 4321752200422956, guid: 84f62c578c12af14886e7abeb19072dd, type: 2}
      propertyPath: m_LocalRotation.w
      value: 1
      objectReference: {fileID: 0}
    - target: {fileID: 4321752200422956, guid: 84f62c578c12af14886e7abeb19072dd, type: 2}
      propertyPath: m_RootOrder
      value: 1
      objectReference: {fileID: 0}
    - target: {fileID: 212449004194071232, guid: 84f62c578c12af14886e7abeb19072dd,
        type: 2}
      propertyPath: m_Size.x
      value: 16.097666
      objectReference: {fileID: 0}
    - target: {fileID: 61949651139887618, guid: 84f62c578c12af14886e7abeb19072dd,
        type: 2}
      propertyPath: m_SpriteTilingProperty.newSize.x
      value: 16.573542
      objectReference: {fileID: 0}
    m_RemovedComponents: []
  m_SourcePrefab: {fileID: 100100000, guid: 84f62c578c12af14886e7abeb19072dd, type: 2}
  m_IsPrefabAsset: 0
--- !u!4 &1238065231 stripped
Transform:
  m_CorrespondingSourceObject: {fileID: 4321752200422956, guid: 84f62c578c12af14886e7abeb19072dd,
    type: 2}
  m_PrefabInternal: {fileID: 1238065230}
--- !u!1001 &1249049243
Prefab:
  m_ObjectHideFlags: 0
  serializedVersion: 2
  m_Modification:
    m_TransformParent: {fileID: 781318327}
    m_Modifications:
    - target: {fileID: 4463321482665410, guid: e8eced8c3496241449bda0351e4c8546, type: 2}
      propertyPath: m_LocalPosition.x
      value: -272.23575
      objectReference: {fileID: 0}
    - target: {fileID: 4463321482665410, guid: e8eced8c3496241449bda0351e4c8546, type: 2}
      propertyPath: m_LocalPosition.y
      value: -19.49416
      objectReference: {fileID: 0}
    - target: {fileID: 4463321482665410, guid: e8eced8c3496241449bda0351e4c8546, type: 2}
      propertyPath: m_LocalPosition.z
      value: 0.15625
      objectReference: {fileID: 0}
    - target: {fileID: 4463321482665410, guid: e8eced8c3496241449bda0351e4c8546, type: 2}
      propertyPath: m_LocalRotation.x
      value: -0
      objectReference: {fileID: 0}
    - target: {fileID: 4463321482665410, guid: e8eced8c3496241449bda0351e4c8546, type: 2}
      propertyPath: m_LocalRotation.y
      value: -0
      objectReference: {fileID: 0}
    - target: {fileID: 4463321482665410, guid: e8eced8c3496241449bda0351e4c8546, type: 2}
      propertyPath: m_LocalRotation.z
      value: -0
      objectReference: {fileID: 0}
    - target: {fileID: 4463321482665410, guid: e8eced8c3496241449bda0351e4c8546, type: 2}
      propertyPath: m_LocalRotation.w
      value: 1
      objectReference: {fileID: 0}
    - target: {fileID: 4463321482665410, guid: e8eced8c3496241449bda0351e4c8546, type: 2}
      propertyPath: m_RootOrder
      value: 2
      objectReference: {fileID: 0}
    - target: {fileID: 212653884534573024, guid: e8eced8c3496241449bda0351e4c8546,
        type: 2}
      propertyPath: m_Size.x
      value: 22.84937
      objectReference: {fileID: 0}
    m_RemovedComponents: []
  m_SourcePrefab: {fileID: 100100000, guid: e8eced8c3496241449bda0351e4c8546, type: 2}
  m_IsPrefabAsset: 0
--- !u!4 &1249049244 stripped
Transform:
  m_CorrespondingSourceObject: {fileID: 4463321482665410, guid: e8eced8c3496241449bda0351e4c8546,
    type: 2}
  m_PrefabInternal: {fileID: 1249049243}
--- !u!1001 &1398764446
Prefab:
  m_ObjectHideFlags: 0
  serializedVersion: 2
  m_Modification:
    m_TransformParent: {fileID: 781318327}
    m_Modifications:
    - target: {fileID: 4463321482665410, guid: e8eced8c3496241449bda0351e4c8546, type: 2}
      propertyPath: m_LocalPosition.x
      value: -264.756
      objectReference: {fileID: 0}
    - target: {fileID: 4463321482665410, guid: e8eced8c3496241449bda0351e4c8546, type: 2}
      propertyPath: m_LocalPosition.y
      value: -13.45
      objectReference: {fileID: 0}
    - target: {fileID: 4463321482665410, guid: e8eced8c3496241449bda0351e4c8546, type: 2}
      propertyPath: m_LocalPosition.z
      value: 0.15625
      objectReference: {fileID: 0}
    - target: {fileID: 4463321482665410, guid: e8eced8c3496241449bda0351e4c8546, type: 2}
      propertyPath: m_LocalRotation.x
      value: -0
      objectReference: {fileID: 0}
    - target: {fileID: 4463321482665410, guid: e8eced8c3496241449bda0351e4c8546, type: 2}
      propertyPath: m_LocalRotation.y
      value: -0
      objectReference: {fileID: 0}
    - target: {fileID: 4463321482665410, guid: e8eced8c3496241449bda0351e4c8546, type: 2}
      propertyPath: m_LocalRotation.z
      value: -0
      objectReference: {fileID: 0}
    - target: {fileID: 4463321482665410, guid: e8eced8c3496241449bda0351e4c8546, type: 2}
      propertyPath: m_LocalRotation.w
      value: 1
      objectReference: {fileID: 0}
    - target: {fileID: 4463321482665410, guid: e8eced8c3496241449bda0351e4c8546, type: 2}
      propertyPath: m_RootOrder
      value: 0
      objectReference: {fileID: 0}
    - target: {fileID: 1232429832749486, guid: e8eced8c3496241449bda0351e4c8546, type: 2}
      propertyPath: m_Name
      value: WallTileSprite (3)
      objectReference: {fileID: 0}
    - target: {fileID: 212653884534573024, guid: e8eced8c3496241449bda0351e4c8546,
        type: 2}
      propertyPath: m_Size.x
      value: 7.1180177
      objectReference: {fileID: 0}
    - target: {fileID: 212653884534573024, guid: e8eced8c3496241449bda0351e4c8546,
        type: 2}
      propertyPath: m_Size.y
      value: 8.272204
      objectReference: {fileID: 0}
    m_RemovedComponents: []
  m_SourcePrefab: {fileID: 100100000, guid: e8eced8c3496241449bda0351e4c8546, type: 2}
  m_IsPrefabAsset: 0
--- !u!4 &1398764447 stripped
Transform:
  m_CorrespondingSourceObject: {fileID: 4463321482665410, guid: e8eced8c3496241449bda0351e4c8546,
    type: 2}
  m_PrefabInternal: {fileID: 1398764446}
--- !u!1001 &1424446345
Prefab:
  m_ObjectHideFlags: 0
  serializedVersion: 2
  m_Modification:
    m_TransformParent: {fileID: 0}
    m_Modifications:
    - target: {fileID: 4486223178409484, guid: b2c3cf44031a2b749a77b16ab1766130, type: 2}
      propertyPath: m_LocalPosition.x
      value: 2.4500644
      objectReference: {fileID: 0}
    - target: {fileID: 4486223178409484, guid: b2c3cf44031a2b749a77b16ab1766130, type: 2}
      propertyPath: m_LocalPosition.y
      value: -3.1360843
      objectReference: {fileID: 0}
    - target: {fileID: 4486223178409484, guid: b2c3cf44031a2b749a77b16ab1766130, type: 2}
      propertyPath: m_LocalPosition.z
      value: -10
      objectReference: {fileID: 0}
    - target: {fileID: 4486223178409484, guid: b2c3cf44031a2b749a77b16ab1766130, type: 2}
      propertyPath: m_LocalRotation.x
      value: -0
      objectReference: {fileID: 0}
    - target: {fileID: 4486223178409484, guid: b2c3cf44031a2b749a77b16ab1766130, type: 2}
      propertyPath: m_LocalRotation.y
      value: -0
      objectReference: {fileID: 0}
    - target: {fileID: 4486223178409484, guid: b2c3cf44031a2b749a77b16ab1766130, type: 2}
      propertyPath: m_LocalRotation.z
      value: -0
      objectReference: {fileID: 0}
    - target: {fileID: 4486223178409484, guid: b2c3cf44031a2b749a77b16ab1766130, type: 2}
      propertyPath: m_LocalRotation.w
      value: 1
      objectReference: {fileID: 0}
    - target: {fileID: 4486223178409484, guid: b2c3cf44031a2b749a77b16ab1766130, type: 2}
      propertyPath: m_RootOrder
      value: 3
      objectReference: {fileID: 0}
    - target: {fileID: 20399031390705668, guid: b2c3cf44031a2b749a77b16ab1766130,
        type: 2}
      propertyPath: orthographic size
      value: 2.216306
      objectReference: {fileID: 0}
    m_RemovedComponents: []
  m_SourcePrefab: {fileID: 100100000, guid: b2c3cf44031a2b749a77b16ab1766130, type: 2}
  m_IsPrefabAsset: 0
--- !u!1 &1537616207
GameObject:
  m_ObjectHideFlags: 0
  m_CorrespondingSourceObject: {fileID: 0}
  m_PrefabInternal: {fileID: 0}
  serializedVersion: 6
  m_Component:
  - component: {fileID: 1537616208}
  m_Layer: 0
  m_Name: Boss
  m_TagString: Untagged
  m_Icon: {fileID: 0}
  m_NavMeshLayer: 0
  m_StaticEditorFlags: 0
  m_IsActive: 1
--- !u!4 &1537616208
Transform:
  m_ObjectHideFlags: 0
  m_CorrespondingSourceObject: {fileID: 0}
  m_PrefabInternal: {fileID: 0}
  m_GameObject: {fileID: 1537616207}
  m_LocalRotation: {x: 0, y: 0, z: 0, w: 1}
  m_LocalPosition: {x: 86.89693, y: 5.348527, z: -0.1171875}
  m_LocalScale: {x: 1, y: 1, z: 1}
  m_Children:
  - {fileID: 1101362505}
  - {fileID: 478242736}
  m_Father: {fileID: 0}
  m_RootOrder: 8
  m_LocalEulerAnglesHint: {x: 0, y: 0, z: 0}
--- !u!1001 &1563291334
Prefab:
  m_ObjectHideFlags: 0
  serializedVersion: 2
  m_Modification:
    m_TransformParent: {fileID: 481682226}
    m_Modifications:
    - target: {fileID: 4321752200422956, guid: 84f62c578c12af14886e7abeb19072dd, type: 2}
      propertyPath: m_LocalPosition.x
      value: 15.307
      objectReference: {fileID: 0}
    - target: {fileID: 4321752200422956, guid: 84f62c578c12af14886e7abeb19072dd, type: 2}
      propertyPath: m_LocalPosition.y
      value: -4.2160625
      objectReference: {fileID: 0}
    - target: {fileID: 4321752200422956, guid: 84f62c578c12af14886e7abeb19072dd, type: 2}
      propertyPath: m_LocalPosition.z
      value: -0.7515625
      objectReference: {fileID: 0}
    - target: {fileID: 4321752200422956, guid: 84f62c578c12af14886e7abeb19072dd, type: 2}
      propertyPath: m_LocalRotation.x
      value: -0
      objectReference: {fileID: 0}
    - target: {fileID: 4321752200422956, guid: 84f62c578c12af14886e7abeb19072dd, type: 2}
      propertyPath: m_LocalRotation.y
      value: -0
      objectReference: {fileID: 0}
    - target: {fileID: 4321752200422956, guid: 84f62c578c12af14886e7abeb19072dd, type: 2}
      propertyPath: m_LocalRotation.z
      value: -0
      objectReference: {fileID: 0}
    - target: {fileID: 4321752200422956, guid: 84f62c578c12af14886e7abeb19072dd, type: 2}
      propertyPath: m_LocalRotation.w
      value: 1
      objectReference: {fileID: 0}
    - target: {fileID: 4321752200422956, guid: 84f62c578c12af14886e7abeb19072dd, type: 2}
      propertyPath: m_RootOrder
      value: 2
      objectReference: {fileID: 0}
    - target: {fileID: 212449004194071232, guid: 84f62c578c12af14886e7abeb19072dd,
        type: 2}
      propertyPath: m_Size.x
      value: 65.10863
      objectReference: {fileID: 0}
    m_RemovedComponents: []
  m_SourcePrefab: {fileID: 100100000, guid: 84f62c578c12af14886e7abeb19072dd, type: 2}
  m_IsPrefabAsset: 0
--- !u!4 &1563291335 stripped
Transform:
  m_CorrespondingSourceObject: {fileID: 4321752200422956, guid: 84f62c578c12af14886e7abeb19072dd,
    type: 2}
  m_PrefabInternal: {fileID: 1563291334}
--- !u!1001 &1568593510
Prefab:
  m_ObjectHideFlags: 0
  serializedVersion: 2
  m_Modification:
    m_TransformParent: {fileID: 703943641}
    m_Modifications:
    - target: {fileID: 4345927060395744, guid: 88469a93d6d70204aaca5e33f244e189, type: 2}
      propertyPath: m_LocalPosition.x
      value: 56.44
      objectReference: {fileID: 0}
    - target: {fileID: 4345927060395744, guid: 88469a93d6d70204aaca5e33f244e189, type: 2}
      propertyPath: m_LocalPosition.y
      value: 4.96
      objectReference: {fileID: 0}
    - target: {fileID: 4345927060395744, guid: 88469a93d6d70204aaca5e33f244e189, type: 2}
      propertyPath: m_LocalPosition.z
      value: 0
      objectReference: {fileID: 0}
    - target: {fileID: 4345927060395744, guid: 88469a93d6d70204aaca5e33f244e189, type: 2}
      propertyPath: m_LocalRotation.x
      value: 0
      objectReference: {fileID: 0}
    - target: {fileID: 4345927060395744, guid: 88469a93d6d70204aaca5e33f244e189, type: 2}
      propertyPath: m_LocalRotation.y
      value: 0
      objectReference: {fileID: 0}
    - target: {fileID: 4345927060395744, guid: 88469a93d6d70204aaca5e33f244e189, type: 2}
      propertyPath: m_LocalRotation.z
      value: 0
      objectReference: {fileID: 0}
    - target: {fileID: 4345927060395744, guid: 88469a93d6d70204aaca5e33f244e189, type: 2}
      propertyPath: m_LocalRotation.w
      value: 1
      objectReference: {fileID: 0}
    - target: {fileID: 4345927060395744, guid: 88469a93d6d70204aaca5e33f244e189, type: 2}
      propertyPath: m_RootOrder
      value: 3
      objectReference: {fileID: 0}
    m_RemovedComponents: []
  m_SourcePrefab: {fileID: 100100000, guid: 88469a93d6d70204aaca5e33f244e189, type: 2}
  m_IsPrefabAsset: 0
--- !u!4 &1568593511 stripped
Transform:
  m_CorrespondingSourceObject: {fileID: 4345927060395744, guid: 88469a93d6d70204aaca5e33f244e189,
    type: 2}
  m_PrefabInternal: {fileID: 1568593510}
--- !u!1001 &1624432794
Prefab:
  m_ObjectHideFlags: 0
  serializedVersion: 2
  m_Modification:
    m_TransformParent: {fileID: 29267680}
    m_Modifications:
    - target: {fileID: 4025457751654672, guid: f4cc27a04bdd89a4fb29c3de6bed7e21, type: 2}
      propertyPath: m_LocalPosition.x
      value: 64.572
      objectReference: {fileID: 0}
    - target: {fileID: 4025457751654672, guid: f4cc27a04bdd89a4fb29c3de6bed7e21, type: 2}
      propertyPath: m_LocalPosition.y
      value: -2.500001
      objectReference: {fileID: 0}
    - target: {fileID: 4025457751654672, guid: f4cc27a04bdd89a4fb29c3de6bed7e21, type: 2}
      propertyPath: m_LocalPosition.z
      value: -10.532639
      objectReference: {fileID: 0}
    - target: {fileID: 4025457751654672, guid: f4cc27a04bdd89a4fb29c3de6bed7e21, type: 2}
      propertyPath: m_LocalRotation.x
      value: -0
      objectReference: {fileID: 0}
    - target: {fileID: 4025457751654672, guid: f4cc27a04bdd89a4fb29c3de6bed7e21, type: 2}
      propertyPath: m_LocalRotation.y
      value: -0
      objectReference: {fileID: 0}
    - target: {fileID: 4025457751654672, guid: f4cc27a04bdd89a4fb29c3de6bed7e21, type: 2}
      propertyPath: m_LocalRotation.z
      value: 0.004733283
      objectReference: {fileID: 0}
    - target: {fileID: 4025457751654672, guid: f4cc27a04bdd89a4fb29c3de6bed7e21, type: 2}
      propertyPath: m_LocalRotation.w
      value: -0.99998885
      objectReference: {fileID: 0}
    - target: {fileID: 4025457751654672, guid: f4cc27a04bdd89a4fb29c3de6bed7e21, type: 2}
      propertyPath: m_RootOrder
      value: 0
      objectReference: {fileID: 0}
    - target: {fileID: 1920532748863114, guid: f4cc27a04bdd89a4fb29c3de6bed7e21, type: 2}
      propertyPath: m_Name
      value: Wall (8)
      objectReference: {fileID: 0}
    - target: {fileID: 212513698627293950, guid: f4cc27a04bdd89a4fb29c3de6bed7e21,
        type: 2}
      propertyPath: m_Size.y
      value: 11.634738
      objectReference: {fileID: 0}
    - target: {fileID: 61707116627636662, guid: f4cc27a04bdd89a4fb29c3de6bed7e21,
        type: 2}
      propertyPath: m_SpriteTilingProperty.newSize.y
      value: 12.111203
      objectReference: {fileID: 0}
    - target: {fileID: 4025457751654672, guid: f4cc27a04bdd89a4fb29c3de6bed7e21, type: 2}
      propertyPath: m_LocalEulerAnglesHint.z
      value: -0.54200006
      objectReference: {fileID: 0}
    - target: {fileID: 4025457751654672, guid: f4cc27a04bdd89a4fb29c3de6bed7e21, type: 2}
      propertyPath: m_LocalScale.x
      value: 0.65939987
      objectReference: {fileID: 0}
    - target: {fileID: 4025457751654672, guid: f4cc27a04bdd89a4fb29c3de6bed7e21, type: 2}
      propertyPath: m_LocalScale.y
      value: 1
      objectReference: {fileID: 0}
    - target: {fileID: 212513698627293950, guid: f4cc27a04bdd89a4fb29c3de6bed7e21,
        type: 2}
      propertyPath: m_Size.x
      value: 0.9216558
      objectReference: {fileID: 0}
    m_RemovedComponents: []
  m_SourcePrefab: {fileID: 100100000, guid: f4cc27a04bdd89a4fb29c3de6bed7e21, type: 2}
  m_IsPrefabAsset: 0
--- !u!4 &1624432795 stripped
Transform:
  m_CorrespondingSourceObject: {fileID: 4025457751654672, guid: f4cc27a04bdd89a4fb29c3de6bed7e21,
    type: 2}
  m_PrefabInternal: {fileID: 1624432794}
--- !u!1001 &1645586702
Prefab:
  m_ObjectHideFlags: 0
  serializedVersion: 2
  m_Modification:
    m_TransformParent: {fileID: 781318327}
    m_Modifications:
    - target: {fileID: 4463321482665410, guid: e8eced8c3496241449bda0351e4c8546, type: 2}
      propertyPath: m_LocalPosition.x
      value: -194.82298
      objectReference: {fileID: 0}
    - target: {fileID: 4463321482665410, guid: e8eced8c3496241449bda0351e4c8546, type: 2}
      propertyPath: m_LocalPosition.y
      value: -7.8500004
      objectReference: {fileID: 0}
    - target: {fileID: 4463321482665410, guid: e8eced8c3496241449bda0351e4c8546, type: 2}
      propertyPath: m_LocalPosition.z
      value: 0.15625
      objectReference: {fileID: 0}
    - target: {fileID: 4463321482665410, guid: e8eced8c3496241449bda0351e4c8546, type: 2}
      propertyPath: m_LocalRotation.x
      value: -0
      objectReference: {fileID: 0}
    - target: {fileID: 4463321482665410, guid: e8eced8c3496241449bda0351e4c8546, type: 2}
      propertyPath: m_LocalRotation.y
      value: -0
      objectReference: {fileID: 0}
    - target: {fileID: 4463321482665410, guid: e8eced8c3496241449bda0351e4c8546, type: 2}
      propertyPath: m_LocalRotation.z
      value: -0
      objectReference: {fileID: 0}
    - target: {fileID: 4463321482665410, guid: e8eced8c3496241449bda0351e4c8546, type: 2}
      propertyPath: m_LocalRotation.w
      value: 1
      objectReference: {fileID: 0}
    - target: {fileID: 4463321482665410, guid: e8eced8c3496241449bda0351e4c8546, type: 2}
      propertyPath: m_RootOrder
      value: 1
      objectReference: {fileID: 0}
    - target: {fileID: 1232429832749486, guid: e8eced8c3496241449bda0351e4c8546, type: 2}
      propertyPath: m_Name
      value: WallTileSprite (2)
      objectReference: {fileID: 0}
    - target: {fileID: 212653884534573024, guid: e8eced8c3496241449bda0351e4c8546,
        type: 2}
      propertyPath: m_Size.y
      value: 11.874068
      objectReference: {fileID: 0}
    - target: {fileID: 212653884534573024, guid: e8eced8c3496241449bda0351e4c8546,
        type: 2}
      propertyPath: m_Size.x
      value: 15.725451
      objectReference: {fileID: 0}
    m_RemovedComponents: []
  m_SourcePrefab: {fileID: 100100000, guid: e8eced8c3496241449bda0351e4c8546, type: 2}
  m_IsPrefabAsset: 0
--- !u!4 &1645586703 stripped
Transform:
  m_CorrespondingSourceObject: {fileID: 4463321482665410, guid: e8eced8c3496241449bda0351e4c8546,
    type: 2}
  m_PrefabInternal: {fileID: 1645586702}
--- !u!1001 &1793681608
Prefab:
  m_ObjectHideFlags: 0
  serializedVersion: 2
  m_Modification:
    m_TransformParent: {fileID: 29267680}
    m_Modifications:
    - target: {fileID: 4025457751654672, guid: f4cc27a04bdd89a4fb29c3de6bed7e21, type: 2}
      propertyPath: m_LocalPosition.x
      value: -32.429935
      objectReference: {fileID: 0}
    - target: {fileID: 4025457751654672, guid: f4cc27a04bdd89a4fb29c3de6bed7e21, type: 2}
      propertyPath: m_LocalPosition.y
      value: -14.066084
      objectReference: {fileID: 0}
    - target: {fileID: 4025457751654672, guid: f4cc27a04bdd89a4fb29c3de6bed7e21, type: 2}
      propertyPath: m_LocalPosition.z
      value: -0.7515625
      objectReference: {fileID: 0}
    - target: {fileID: 4025457751654672, guid: f4cc27a04bdd89a4fb29c3de6bed7e21, type: 2}
      propertyPath: m_LocalRotation.x
      value: -0
      objectReference: {fileID: 0}
    - target: {fileID: 4025457751654672, guid: f4cc27a04bdd89a4fb29c3de6bed7e21, type: 2}
      propertyPath: m_LocalRotation.y
      value: -0
      objectReference: {fileID: 0}
    - target: {fileID: 4025457751654672, guid: f4cc27a04bdd89a4fb29c3de6bed7e21, type: 2}
      propertyPath: m_LocalRotation.z
      value: -0
      objectReference: {fileID: 0}
    - target: {fileID: 4025457751654672, guid: f4cc27a04bdd89a4fb29c3de6bed7e21, type: 2}
      propertyPath: m_LocalRotation.w
      value: 1
      objectReference: {fileID: 0}
    - target: {fileID: 4025457751654672, guid: f4cc27a04bdd89a4fb29c3de6bed7e21, type: 2}
      propertyPath: m_RootOrder
      value: 6
      objectReference: {fileID: 0}
    - target: {fileID: 61707116627636662, guid: f4cc27a04bdd89a4fb29c3de6bed7e21,
        type: 2}
      propertyPath: m_SpriteTilingProperty.newSize.y
      value: 3.730861
      objectReference: {fileID: 0}
    - target: {fileID: 212513698627293950, guid: f4cc27a04bdd89a4fb29c3de6bed7e21,
        type: 2}
      propertyPath: m_Size.y
      value: 3.730861
      objectReference: {fileID: 0}
    - target: {fileID: 212513698627293950, guid: f4cc27a04bdd89a4fb29c3de6bed7e21,
        type: 2}
      propertyPath: m_SortingOrder
      value: 1
      objectReference: {fileID: 0}
    - target: {fileID: 61707116627636662, guid: f4cc27a04bdd89a4fb29c3de6bed7e21,
        type: 2}
      propertyPath: m_Offset.y
      value: -0.04576826
      objectReference: {fileID: 0}
    - target: {fileID: 61707116627636662, guid: f4cc27a04bdd89a4fb29c3de6bed7e21,
        type: 2}
      propertyPath: m_Size.y
      value: 3.7917948
      objectReference: {fileID: 0}
    m_RemovedComponents: []
  m_SourcePrefab: {fileID: 100100000, guid: f4cc27a04bdd89a4fb29c3de6bed7e21, type: 2}
  m_IsPrefabAsset: 0
--- !u!4 &1793681609 stripped
Transform:
  m_CorrespondingSourceObject: {fileID: 4025457751654672, guid: f4cc27a04bdd89a4fb29c3de6bed7e21,
    type: 2}
  m_PrefabInternal: {fileID: 1793681608}
--- !u!1001 &1940654510
Prefab:
  m_ObjectHideFlags: 0
  serializedVersion: 2
  m_Modification:
    m_TransformParent: {fileID: 29267680}
    m_Modifications:
    - target: {fileID: 4025457751654672, guid: f4cc27a04bdd89a4fb29c3de6bed7e21, type: 2}
      propertyPath: m_LocalPosition.x
      value: 48.20788
      objectReference: {fileID: 0}
    - target: {fileID: 4025457751654672, guid: f4cc27a04bdd89a4fb29c3de6bed7e21, type: 2}
      propertyPath: m_LocalPosition.y
      value: -1.2630005
      objectReference: {fileID: 0}
    - target: {fileID: 4025457751654672, guid: f4cc27a04bdd89a4fb29c3de6bed7e21, type: 2}
      propertyPath: m_LocalPosition.z
      value: -10.532639
      objectReference: {fileID: 0}
    - target: {fileID: 4025457751654672, guid: f4cc27a04bdd89a4fb29c3de6bed7e21, type: 2}
      propertyPath: m_LocalRotation.x
      value: -0
      objectReference: {fileID: 0}
    - target: {fileID: 4025457751654672, guid: f4cc27a04bdd89a4fb29c3de6bed7e21, type: 2}
      propertyPath: m_LocalRotation.y
      value: -0
      objectReference: {fileID: 0}
    - target: {fileID: 4025457751654672, guid: f4cc27a04bdd89a4fb29c3de6bed7e21, type: 2}
      propertyPath: m_LocalRotation.z
      value: -0
      objectReference: {fileID: 0}
    - target: {fileID: 4025457751654672, guid: f4cc27a04bdd89a4fb29c3de6bed7e21, type: 2}
      propertyPath: m_LocalRotation.w
      value: 1
      objectReference: {fileID: 0}
    - target: {fileID: 4025457751654672, guid: f4cc27a04bdd89a4fb29c3de6bed7e21, type: 2}
      propertyPath: m_RootOrder
      value: 1
      objectReference: {fileID: 0}
    - target: {fileID: 1920532748863114, guid: f4cc27a04bdd89a4fb29c3de6bed7e21, type: 2}
      propertyPath: m_Name
      value: Wall (7)
      objectReference: {fileID: 0}
    - target: {fileID: 212513698627293950, guid: f4cc27a04bdd89a4fb29c3de6bed7e21,
        type: 2}
      propertyPath: m_Size.y
      value: 9.757471
      objectReference: {fileID: 0}
    - target: {fileID: 61707116627636662, guid: f4cc27a04bdd89a4fb29c3de6bed7e21,
        type: 2}
      propertyPath: m_SpriteTilingProperty.newSize.y
      value: 9.757471
      objectReference: {fileID: 0}
    - target: {fileID: 61707116627636662, guid: f4cc27a04bdd89a4fb29c3de6bed7e21,
        type: 2}
      propertyPath: m_Offset.y
      value: -0.019177437
      objectReference: {fileID: 0}
    - target: {fileID: 61707116627636662, guid: f4cc27a04bdd89a4fb29c3de6bed7e21,
        type: 2}
      propertyPath: m_Size.y
      value: 9.779505
      objectReference: {fileID: 0}
    m_RemovedComponents: []
  m_SourcePrefab: {fileID: 100100000, guid: f4cc27a04bdd89a4fb29c3de6bed7e21, type: 2}
  m_IsPrefabAsset: 0
--- !u!4 &1940654511 stripped
Transform:
  m_CorrespondingSourceObject: {fileID: 4025457751654672, guid: f4cc27a04bdd89a4fb29c3de6bed7e21,
    type: 2}
  m_PrefabInternal: {fileID: 1940654510}
--- !u!1001 &1951635444
Prefab:
  m_ObjectHideFlags: 0
  serializedVersion: 2
  m_Modification:
    m_TransformParent: {fileID: 703943641}
    m_Modifications:
    - target: {fileID: 4345927060395744, guid: 88469a93d6d70204aaca5e33f244e189, type: 2}
      propertyPath: m_LocalPosition.x
      value: -32.06533
      objectReference: {fileID: 0}
    - target: {fileID: 4345927060395744, guid: 88469a93d6d70204aaca5e33f244e189, type: 2}
      propertyPath: m_LocalPosition.y
      value: -0.23925447
      objectReference: {fileID: 0}
    - target: {fileID: 4345927060395744, guid: 88469a93d6d70204aaca5e33f244e189, type: 2}
      propertyPath: m_LocalPosition.z
      value: 0.38671875
      objectReference: {fileID: 0}
    - target: {fileID: 4345927060395744, guid: 88469a93d6d70204aaca5e33f244e189, type: 2}
      propertyPath: m_LocalRotation.x
      value: -0
      objectReference: {fileID: 0}
    - target: {fileID: 4345927060395744, guid: 88469a93d6d70204aaca5e33f244e189, type: 2}
      propertyPath: m_LocalRotation.y
      value: -0
      objectReference: {fileID: 0}
    - target: {fileID: 4345927060395744, guid: 88469a93d6d70204aaca5e33f244e189, type: 2}
      propertyPath: m_LocalRotation.z
      value: -0
      objectReference: {fileID: 0}
    - target: {fileID: 4345927060395744, guid: 88469a93d6d70204aaca5e33f244e189, type: 2}
      propertyPath: m_LocalRotation.w
      value: 1
      objectReference: {fileID: 0}
    - target: {fileID: 4345927060395744, guid: 88469a93d6d70204aaca5e33f244e189, type: 2}
      propertyPath: m_RootOrder
      value: 0
      objectReference: {fileID: 0}
    - target: {fileID: 1644662827520788, guid: 88469a93d6d70204aaca5e33f244e189, type: 2}
      propertyPath: m_Name
      value: Torch (2)
      objectReference: {fileID: 0}
    m_RemovedComponents: []
  m_SourcePrefab: {fileID: 100100000, guid: 88469a93d6d70204aaca5e33f244e189, type: 2}
  m_IsPrefabAsset: 0
--- !u!4 &1951635445 stripped
Transform:
  m_CorrespondingSourceObject: {fileID: 4345927060395744, guid: 88469a93d6d70204aaca5e33f244e189,
    type: 2}
  m_PrefabInternal: {fileID: 1951635444}
--- !u!1001 &2042075666
Prefab:
  m_ObjectHideFlags: 0
  serializedVersion: 2
  m_Modification:
    m_TransformParent: {fileID: 29267680}
    m_Modifications:
    - target: {fileID: 4025457751654672, guid: f4cc27a04bdd89a4fb29c3de6bed7e21, type: 2}
      propertyPath: m_LocalPosition.x
      value: -9.702053
      objectReference: {fileID: 0}
    - target: {fileID: 4025457751654672, guid: f4cc27a04bdd89a4fb29c3de6bed7e21, type: 2}
      propertyPath: m_LocalPosition.y
      value: -12.517
      objectReference: {fileID: 0}
    - target: {fileID: 4025457751654672, guid: f4cc27a04bdd89a4fb29c3de6bed7e21, type: 2}
      propertyPath: m_LocalPosition.z
      value: -10.532639
      objectReference: {fileID: 0}
    - target: {fileID: 4025457751654672, guid: f4cc27a04bdd89a4fb29c3de6bed7e21, type: 2}
      propertyPath: m_LocalRotation.x
      value: -0
      objectReference: {fileID: 0}
    - target: {fileID: 4025457751654672, guid: f4cc27a04bdd89a4fb29c3de6bed7e21, type: 2}
      propertyPath: m_LocalRotation.y
      value: -0
      objectReference: {fileID: 0}
    - target: {fileID: 4025457751654672, guid: f4cc27a04bdd89a4fb29c3de6bed7e21, type: 2}
      propertyPath: m_LocalRotation.z
      value: -0
      objectReference: {fileID: 0}
    - target: {fileID: 4025457751654672, guid: f4cc27a04bdd89a4fb29c3de6bed7e21, type: 2}
      propertyPath: m_LocalRotation.w
      value: 1
      objectReference: {fileID: 0}
    - target: {fileID: 4025457751654672, guid: f4cc27a04bdd89a4fb29c3de6bed7e21, type: 2}
      propertyPath: m_RootOrder
      value: 5
      objectReference: {fileID: 0}
    - target: {fileID: 1920532748863114, guid: f4cc27a04bdd89a4fb29c3de6bed7e21, type: 2}
      propertyPath: m_Name
      value: Wall (1)
      objectReference: {fileID: 0}
    - target: {fileID: 212513698627293950, guid: f4cc27a04bdd89a4fb29c3de6bed7e21,
        type: 2}
      propertyPath: m_Size.y
      value: 7.990906
      objectReference: {fileID: 0}
    - target: {fileID: 61707116627636662, guid: f4cc27a04bdd89a4fb29c3de6bed7e21,
        type: 2}
      propertyPath: m_SpriteTilingProperty.newSize.y
      value: 7.8633747
      objectReference: {fileID: 0}
    - target: {fileID: 61707116627636662, guid: f4cc27a04bdd89a4fb29c3de6bed7e21,
        type: 2}
      propertyPath: m_Offset.y
      value: -0.00000047683716
      objectReference: {fileID: 0}
    - target: {fileID: 61707116627636662, guid: f4cc27a04bdd89a4fb29c3de6bed7e21,
        type: 2}
      propertyPath: m_Size.y
      value: 7.9712744
      objectReference: {fileID: 0}
    m_RemovedComponents: []
  m_SourcePrefab: {fileID: 100100000, guid: f4cc27a04bdd89a4fb29c3de6bed7e21, type: 2}
  m_IsPrefabAsset: 0
--- !u!4 &2042075667 stripped
Transform:
  m_CorrespondingSourceObject: {fileID: 4025457751654672, guid: f4cc27a04bdd89a4fb29c3de6bed7e21,
    type: 2}
  m_PrefabInternal: {fileID: 2042075666}
--- !u!1001 &2048004223
Prefab:
  m_ObjectHideFlags: 0
  serializedVersion: 2
  m_Modification:
    m_TransformParent: {fileID: 869729265}
    m_Modifications:
    - target: {fileID: 4175770577692700, guid: 7afdbb283c877de4aa9d217329577ebf, type: 2}
      propertyPath: m_LocalPosition.x
      value: -272.28894
      objectReference: {fileID: 0}
    - target: {fileID: 4175770577692700, guid: 7afdbb283c877de4aa9d217329577ebf, type: 2}
      propertyPath: m_LocalPosition.y
      value: -21.72416
      objectReference: {fileID: 0}
    - target: {fileID: 4175770577692700, guid: 7afdbb283c877de4aa9d217329577ebf, type: 2}
      propertyPath: m_LocalPosition.z
      value: 0.15625
      objectReference: {fileID: 0}
    - target: {fileID: 4175770577692700, guid: 7afdbb283c877de4aa9d217329577ebf, type: 2}
      propertyPath: m_LocalRotation.x
      value: -0
      objectReference: {fileID: 0}
    - target: {fileID: 4175770577692700, guid: 7afdbb283c877de4aa9d217329577ebf, type: 2}
      propertyPath: m_LocalRotation.y
      value: -0
      objectReference: {fileID: 0}
    - target: {fileID: 4175770577692700, guid: 7afdbb283c877de4aa9d217329577ebf, type: 2}
      propertyPath: m_LocalRotation.z
      value: -0
      objectReference: {fileID: 0}
    - target: {fileID: 4175770577692700, guid: 7afdbb283c877de4aa9d217329577ebf, type: 2}
      propertyPath: m_LocalRotation.w
      value: 1
      objectReference: {fileID: 0}
    - target: {fileID: 4175770577692700, guid: 7afdbb283c877de4aa9d217329577ebf, type: 2}
      propertyPath: m_RootOrder
      value: 2
      objectReference: {fileID: 0}
    - target: {fileID: 212430762806796496, guid: 7afdbb283c877de4aa9d217329577ebf,
        type: 2}
      propertyPath: m_Size.x
      value: 23.37737
      objectReference: {fileID: 0}
    - target: {fileID: 61447494325440640, guid: 7afdbb283c877de4aa9d217329577ebf,
        type: 2}
      propertyPath: m_SpriteTilingProperty.newSize.x
      value: 23.723461
      objectReference: {fileID: 0}
    m_RemovedComponents: []
  m_SourcePrefab: {fileID: 100100000, guid: 7afdbb283c877de4aa9d217329577ebf, type: 2}
  m_IsPrefabAsset: 0
--- !u!4 &2048004224 stripped
Transform:
  m_CorrespondingSourceObject: {fileID: 4175770577692700, guid: 7afdbb283c877de4aa9d217329577ebf,
    type: 2}
  m_PrefabInternal: {fileID: 2048004223}
--- !u!1001 &2102040203
Prefab:
  m_ObjectHideFlags: 0
  serializedVersion: 2
  m_Modification:
    m_TransformParent: {fileID: 703943641}
    m_Modifications:
    - target: {fileID: 4227229377588252, guid: 281febee253adba4d8d289057861f056, type: 2}
      propertyPath: m_LocalPosition.x
      value: -26.14
      objectReference: {fileID: 0}
    - target: {fileID: 4227229377588252, guid: 281febee253adba4d8d289057861f056, type: 2}
      propertyPath: m_LocalPosition.y
      value: 0.23
      objectReference: {fileID: 0}
    - target: {fileID: 4227229377588252, guid: 281febee253adba4d8d289057861f056, type: 2}
      propertyPath: m_LocalPosition.z
      value: 0.38671875
      objectReference: {fileID: 0}
    - target: {fileID: 4227229377588252, guid: 281febee253adba4d8d289057861f056, type: 2}
      propertyPath: m_LocalRotation.x
      value: -0
      objectReference: {fileID: 0}
    - target: {fileID: 4227229377588252, guid: 281febee253adba4d8d289057861f056, type: 2}
      propertyPath: m_LocalRotation.y
      value: -0
      objectReference: {fileID: 0}
    - target: {fileID: 4227229377588252, guid: 281febee253adba4d8d289057861f056, type: 2}
      propertyPath: m_LocalRotation.z
      value: -0
      objectReference: {fileID: 0}
    - target: {fileID: 4227229377588252, guid: 281febee253adba4d8d289057861f056, type: 2}
      propertyPath: m_LocalRotation.w
      value: 1
      objectReference: {fileID: 0}
    - target: {fileID: 4227229377588252, guid: 281febee253adba4d8d289057861f056, type: 2}
      propertyPath: m_RootOrder
      value: 2
      objectReference: {fileID: 0}
    m_RemovedComponents: []
  m_SourcePrefab: {fileID: 100100000, guid: 281febee253adba4d8d289057861f056, type: 2}
  m_IsPrefabAsset: 0
--- !u!4 &2102040204 stripped
Transform:
  m_CorrespondingSourceObject: {fileID: 4227229377588252, guid: 281febee253adba4d8d289057861f056,
    type: 2}
  m_PrefabInternal: {fileID: 2102040203}
